2475 3859
514 155 632 215 104
1242 158 1678 219 ΤΕΤΛΡΤΟΝ

503 356 624 410 ους
649 330 920 417 φίλους,
953 336 1068 418 τῆς
1095 356 1166 398 τε
1193 326 1439 418 μητρὸς
1474 327 1853 418 παρούσης,
1880 326 2115 416 ἠξίουν
2155 334 2411 415 διαιρε-

499 439 710 519 θῆναι
736 430 859 522 τῆν
886 439 1251 522 βασιλείαν,
1278 434 1393 501 καὶ
1422 430 1501 503 τὰ
1534 431 1657 520 μὲν
1676 428 1795 501 ὑπ’
1826 429 2168 522 Εὐρώπην
2193 429 2412 501 πάντα

504 542 678 623 ἔχειν
715 533 837 605 τὸν
878 532 1312 623 Ἀντωνῖνον,
1348 534 1471 624 τῆν
1512 536 1587 605 δὲ
1624 532 2088 624 ἀντικειμένην
2126 532 2408 623 ἤπειρον

443 654 478 707 6
502 636 727 709 Ἀσίαν
752 664 824 707 τε
848 641 1270 727 καλουμένην
1296 645 1515 708 πᾶσαν
1539 640 1711 731 Γέτᾳ
1736 644 2207 727 παραδοθῆναι
2223 660 2239 673 ·
2288 634 2407 706 οὗ-

499 770 592 811 τω
641 740 770 830 γὰρ
814 748 1044 828 ἔλεγον
1081 745 1196 811 καὶ
1236 749 1396 833 θείᾳ
1438 744 1571 811 τινὶ
1611 750 1894 833 προνοίᾳ
1936 740 2049 823 τὰς
2086 738 2409 830 ἠπείρους
2438 764 2461 803 5

501 849 863 933 διῃρῆσθαι
891 850 982 937 τῷ
1017 850 1477 934 Προποντίδος
1516 844 1812 933 ῥεύματι.
1889 840 2127 935 ἤρεσκε
2170 844 2247 913 δὲ
2286 840 2408 912 τὸν

499 946 624 1033 μὲν
655 942 1053 1017 Ἀντωνῖνον
1081 950 1191 1017 ἐπὶ
1225 955 1319 1041 τῷ
1353 955 1693 1039 Βυζαντίῳ
1734 952 2003 1035 ἱδρῦσαι
2039 946 2403 1035 στρατόπε-

501 1056 651 1135 δον,
695 1048 814 1119 τὸν
851 1052 926 1121 δὲ
961 1054 1173 1121 Γέταν
1217 1054 1291 1120 ἐν
1332 1051 1714 1139 Καλχηδόνι
1753 1058 1871 1140 τῆς
1906 1058 2267 1137 Βιθυνίας,
2314 1046 2404 1129 ὥς

498 1149 917 1241 ἀντικείμενα
943 1150 1250 1242 ἀλλήλοις
1278 1152 1359 1223 τὰ
1384 1154 1797 1244 στρατόπεδα
1820 1162 2153 1243 φρουροίη
2180 1180 2251 1221 τε
2279 1150 2402 1239 τὴν

497 1256 814 1343 ἑκατέρου
844 1252 1055 1344 ἀρχὴν
1083 1260 1195 1326 καὶ
1234 1257 1485 1327 κωλύοι
1514 1256 1629 1338 τὰς
1672 1256 2026 1346 διαβάσεις.
2082 1255 2297 1326 ἐδόκει
2324 1281 2398 1323 τε
2430 1282 2470 1321 ιι

496 1364 611 1446 τῆς
637 1357 1014 1447 συγκλήτου
1042 1366 1292 1449 βουλῆς
1317 1358 1473 1441 τούς
1510 1360 1635 1449 μὲν
1670 1356 2117 1447 Εὖρωπαίους
2150 1355 2399 1437 πάντας

494 1457 882 1550 ὑπομεῖναι,
925 1460 1082 1544 τούς
1121 1464 1196 1532 δὲ
1240 1466 1506 1533 ἐκεῖθεν
1548 1459 1864 1533 ἀνελθεῖν
1904 1461 2035 1531 σὺν
2072 1470 2162 1554 τῷ
2204 1467 2263 1531 Γ
2258 1462 2393 1551 ε’τα.

492 1669 698 1747 Γέτας
726 1675 956 1758 ἔλεγεν
980 1664 1024 1758 ἢ
1051 1666 1172 1757 τῆν
1207 1667 1613 1757 Ἀντιόχειαν
1640 1664 1683 1757 ἦ
1716 1667 1839 1756 τῆν
1869 1665 2393 1755 Ἀλεξάνδρειαν,

493 1766 576 1839 ού
601 1771 774 1839 πολύ
801 1800 862 1841 τι
889 1778 1005 1860 τῆς
1035 1768 1309 1861 Ῥώμης,
1340 1768 1427 1852 ὥς
1456 1769 1621 1864 ᾤετο
1638 1823 1657 1858 ,
1692 1774 1965 1860 μεγέθει
1992 1768 2395 1841 ἆπολειπού-
2426 1804 2467 1844 ιι

489 1896 627 1954 σας.
681 1881 818 1944 τῶν
843 1875 920 1945 δὲ
945 1871 1076 1947 ὑπὸ
1103 1882 1479 1967 μεσημβρίᾳ
1506 1878 1731 1945 ἐθνῶν
1757 1881 2242 1964 Μαυρουσίους
2269 1871 2397 1961 μὲν

487 1979 598 2046 καὶ
635 1978 956 2066 Νομάδας
998 1978 1259 2069 Λιβύης
1298 2006 1369 2049 τε
1406 1978 1487 2048 τὰ
1522 1986 1975 2066 παρακείμενα
2018 1974 2395 2065 Ἀντωνίνῳ

489 2085 989 2169 παραδοθῆναι,
1018 2080 1099 2151 τὰ
1136 2083 1212 2151 δὲ
1244 2084 1548 2151 ἐπέκεινα
1575 2084 1799 2169 μέχρις
1826 2078 2147 2167 ἀνατολῆς
2180 2100 2395 2167 προσ-

428 2193 463 2247 8
490 2179 680 2268 ήκειν
717 2190 807 2275 τῷ
846 2187 1036 2275 Γέτᾳ.
1153 2191 1362 2253 ταῦτα
1404 2183 1485 2273 δὴ
1516 2180 1741 2253 αὐτῶν
1781 2183 2288 2253 διατυπούντων
2330 2185 2400 2249 οἱ

487 2284 612 2370 μὲν
641 2280 830 2355 ἄλλοι
857 2286 1098 2367 πάντες
1114 2297 1543 2374 σκυθρωποῖς
1564 2286 1939 2373 προσώποις
1958 2290 2024 2367 ἐς
2049 2292 2177 2374 γῆν
2194 2292 2392 2354 ἔνευ-
2418 2312 2465 2352 20

485 2407 643 2455 σαν·
684 2383 726 2474 ῆ
771 2387 846 2456 δὲ
890 2386 1128 2459 Ἰουλία
1157 2386 1330 2477 “γῆν
1356 2387 1510 2477 μέν”
1556 2397 1685 2479 ἔφη
1715 2386 1873 2459 “καὶ
1912 2389 2293 2475 θάλασσαν,
2338 2377 2392 2455 ὦ

484 2492 718 2576 τέκνα,
752 2486 1090 2579 εὑρίσκετε
1117 2488 1298 2573 ὅπως
1336 2501 1693 2581 νείμησθε,
1742 2494 1853 2562 καὶ
1892 2489 2008 2571 τὰς
2046 2488 2389 2579 ἠπείρους,

487 2588 575 2672 ὥς
603 2620 803 2681 φατε,
833 2591 905 2664 τὸ
951 2595 1242 2664 Πόντιον
1271 2599 1547 2686 ῥεῖθρον
1584 2602 1833 2685 διαιρεῖ
1843 2617 1855 2628 ·
1889 2594 2013 2681 τῆν
2041 2595 2115 2663 δὲ
2138 2597 2391 2681 μητέρα

479 2703 620 2777 πῶς
645 2690 730 2765 ἂν
759 2699 1127 2784 διέλοισθε,
1156 2701 1271 2768 καὶ
1297 2706 1436 2781 πῶς
1462 2695 1503 2787 ἡ
1546 2694 1754 2767 ἀθλία
1796 2696 1925 2787 ἐγώ
1968 2701 2035 2779 ἐς
2074 2696 2390 2787 ἑκάτερον

475 2795 674 2886 ὑμῶν
701 2809 1071 2889 νεμηθείην
1097 2796 1140 2888 ἦ
1177 2809 1541 2890 τμηθείην;
1580 2808 1848 2890 πρῶτον
1879 2800 1963 2888 δῆ
1991 2800 2103 2887 ἐμὲ
2130 2798 2382 2888 φονεύ-
2414 2830 2459 2871 2⁵

475 2922 665 2988 σατε,
709 2906 824 2973 καὶ
871 2906 1203 2985 διελόντες
1249 2905 1557 2993 ἑκάτερος
1600 2901 1760 2993 παρ’
1814 2906 2029 2995 ἑαυτῷ
2072 2902 2145 2972 τὸ
2191 2904 2389 2990 μέρος

473 3006 783 3075 θαπτέτω
802 3030 815 3043 ·
848 3002 1024 3077 οὕτω
1061 3005 1186 3095 γὰρ
1218 3002 1303 3076 ἂν
1322 3006 1485 3096 μετὰ
1506 3015 1625 3095 γῆς
1642 3009 1754 3077 καὶ
1772 3005 2103 3093 θαλάττης
2122 3008 2187 3087 ἐς
2213 3001 2388 3093 ὑμᾶς

413 3125 447 3180 9
472 3106 920 3198 μερισθείην.”
1027 3116 1234 3179 ταῦτα
1274 3112 1351 3179 δὲ
1399 3114 1687 3198 λέγουσα
1725 3107 1889 3197 μετὰ
1919 3106 2234 3198 δακρύων
2274 3109 2387 3177 καὶ

472 3216 794 3299 οἰμωγῆς,
832 3208 1230 3302 ἀμφοτέροις
1261 3240 1333 3281 τε
1357 3212 1473 3293 τὰς
1499 3226 1723 3299 χεῖρας
1750 3212 2243 3301 περιβάλλουσα
2268 3212 2385 3281 καὶ

472 3308 604 3381 ὑπὸ
633 3312 747 3393 τὰς
774 3311 1062 3401 ἀγκάλας
1089 3310 1377 3401 ἄγουσα,
1408 3314 1727 3401 συνάγειν
1756 3317 2082 3401 ἐπειρᾶτο.
2130 3312 2381 3393 πάντας
2410 3338 2457 3379 ω

471 3412 546 3481 δὲ
575 3424 802 3485 οἴκτου
841 3415 1326 3503 καταλαβόντος
1356 3416 1641 3504 διελύθη
1678 3414 1753 3487 τὸ
1792 3420 2184 3506 συνέδριον,
2226 3412 2270 3503 ἦ
2310 3442 2379 3485 τε
