2475 3859
915 108 1222 169 TPITON
1940 108 2013 168 71

84 274 308 367 Ῥώμη
349 272 568 366 εὗρων
608 274 644 347 ὁ
672 285 974 369 Σεθῆρος
1014 276 1373 369 συλλαβών
1414 277 1591 368 εἶχεν
1628 281 1702 350 ἐν
1726 286 2017 372 φρουρᾷ.

99 381 422 471 ἐχρήσατο
473 380 601 471 γὰρ
643 384 756 451 καὶ
806 382 1020 475 τούτῳ
1065 390 1425 472 σοφίσματι
1468 382 2015 475 προμηθεστάτω.

102 493 272 566 ἔθος
317 474 406 571 ἦν
442 492 536 578 τῷ
581 484 916 577 Κομμόδω
963 489 1266 574 κατέχειν
1302 484 1459 567 τοὺς
1498 490 1741 566 παῖδας
1780 492 1919 555 τῶν
1946 488 2077 566 ἑς4

103 588 192 659 τὰ
233 594 405 675 ἔθνη
443 592 882 677 πεμπομένων
921 585 1309 678 ἡγεμόνων,
1358 618 1447 671 ως
1492 584 1697 677 ἔχοι”
1658 616 1875 678 ομηρα
1905 596 2021 677 τῆς

3 695 66 755 ‘5
107 720 184 763 τε
238 687 502 770 εὐνοίας
563 688 792 761 αὐτῶν
843 694 956 761 καὶ
1009 700 1125 781 τῆς
1178 700 1481 775 πίστεως.
1544 690 1739 772 εἰδως
1784 697 2021 761 τοίνυν

105 800 311 865 τοῦτο
362 788 398 864 ὁ
435 802 768 883 Σεεῆρος,
817 791 952 883 ἅμα
1007 803 1100 888 τῷ
1144 794 1465 885 βασιλεὺς
1511 792 2019 883 ἀναδειχθῆναι,

107 899 226 968 καὶ
257 902 379 965 τοῦ
399 890 763 989 Ἰουλιανοῦ
795 904 892 967 ἔτι
920 897 1305 988 περιόντος,
1350 902 1613 987 πέμψας
1650 898 1873 989 λάθρᾳ
1909 895 2021 966 διὰ

111 1003 476 1090 φροντίδος
501 1007 646 1089 ἔσχε
679 998 839 1082 τοὺς
865 1007 1108 1083 παῖδας
1149 999 1333 1094 αὐτῷ
1358 1008 1477 1090 τῆς
1493 999 1741 1090 Ῥώμης
1780 1004 2022 1070 ἐκκλα-

113 1106 358 1183 πέντας
384 1101 476 1192 μὴ
505 1103 674 1173 εἶναι
699 1107 775 1173 ἐν
811 1105 1042 1193 ἑτέρου
1071 1107 1361 1197 ἐξουσίᾳ.
1432 1102 1634 1185 αὐτὸς
1662 1101 1727 1174 δ’
1760 1100 1895 1192 ἅμα
1928 1109 2020 1196 τῷ
2055 1126 2087 1178 5
2142 1156 2147 1161 -

21 1236 74 1276 ιο
114 1212 234 1294 τῆς
250 1202 496 1295 Ῥώμης
521 1210 827 1296 ἐπιβῆναι
853 1206 1210 1296 συλλαβών
1236 1206 1490 1289 πάντας
1518 1205 1675 1288 τοὺς
1702 1214 1838 1276 τῶν
1866 1203 2024 1295 ἡγε-

113 1310 346 1400 μόνων
393 1305 438 1399 ἢ
479 1316 612 1379 τῶν
651 1307 840 1399 ὁτιδὴ
871 1311 1303 1401 πραττόντων
1340 1309 1509 1381 κατὰ
1540 1308 1663 1399 τὴν
1694 1308 2027 1397 ἀνατολὴν

113 1415 233 1483 καὶ
277 1420 498 1484 πᾶσαν
536 1410 659 1501 τὴν
691 1409 950 1503 Ἀσίαν,
993 1422 1264 1507 φρουρᾷ
1302 1412 1465 1495 δούς
1500 1413 1631 1502 εἶχε
1664 1410 1795 1483 σὺν
1822 1409 2027 1504 αὐτῷ,

115 1514 300 1597 ὅπως
337 1510 383 1604 ἦ
419 1515 612 1609 πόθῳ
639 1522 755 1604 τῆς
779 1522 916 1586 τῶν
943 1523 1208 1588 παίδων
1250 1524 1579 1606 σωτηρίας
1607 1522 1677 1587 οἰ
1706 1513 2029 1605 ἡγεμόνες
2104 1530 2109 1537 “

117 1618 202 1690 τὰ
228 1625 497 1709 Νίγρου
529 1623 946 1708 προδιδοῖεν,
973 1615 1018 1708 ἢ
1042 1622 1355 1709 μένοντες
1381 1622 1491 1690 ἐπὶ
1518 1626 1633 1708 τῆς
1660 1618 1827 1710 πρὸς
1854 1622 2029 1689 ἐκεῖ-

29 1750 82 1791 15
121 1750 247 1793 νον
287 1719 552 1802 εὐνοίας
594 1722 917 1810 φθάσωσί
949 1751 1012 1793 τι
1051 1720 1264 1793 κακὸν
1306 1733 1555 1793 παθεῖν
1590 1719 1703 1792 διὰ
1742 1729 1859 1811 τῆς
1891 1728 2030 1791 των

121 1830 386 1897 παίδων
415 1821 814 1914 ἀναιρέσεως
841 1820 884 1914 ἢ
912 1826 1253 1915 δράσωσιν
1276 1822 1494 1895 αὐτοί.

325 1930 686 2017 γενομένης
713 1930 788 1999 δὲ
813 1935 928 2017 τῆς
946 1924 1143 2018 ἥττης
1167 1926 1337 1997 κατὰ
1361 1926 1787 2016 τὴνΚύζικον
1816 1932 2025 2015 ἔφευ-
2060 1940 2093 1993 6

120 2060 248 2122 γον
289 2037 361 2101 οἱ
387 2038 508 2101 τοῦ
532 2039 834 2122 Νίγρου,
865 2028 953 2112 ὥς
982 2035 1257 2113 ἕκαστος
1284 2031 1567 2101 ἐδύνατο
1604 2028 2032 2114 σπεύδοντες,

123 2142 200 2206 οἳ
232 2134 358 2224 μὲν
395 2137 548 2224 περὶ
590 2132 706 2217 τὰς
757 2132 1092 2225 ὑπωρείας
1132 2143 1247 2223 τῆς
1272 2130 1647 2224 Ἀρμενίας,
1694 2140 1765 2202 οἳ
1804 2130 1879 2201 δὲ
1914 2128 2037 2219 τὴν

28 2271 90 2311 2⁰
127 2240 240 2309 ἐπὶ
280 2244 610 2319 Γαλατίας
649 2265 722 2307 τε
767 2241 880 2307 καὶ
925 2234 1174 2326 Ἀσίας,
1233 2238 1496 2326 φθάσαι
1546 2237 1862 2315 θέλοντες
1918 2232 2037 2303 τὸν

137 2347 405 2430 Ταῦρον
431 2337 840 2430 ὑπερβῆναι,
873 2370 962 2422 ως
993 2339 1180 2421 ἐντὸς
1205 2348 1329 2410 τοῦ
1362 2340 1686 2431 ἐρύματος
1713 2339 2037 2428 γένοιντο.

127 2441 164 2514 ὁ
197 2442 276 2513 δὲ
309 2451 431 2513 τοῦ
457 2443 768 2533 Σεεήρου
793 2442 1074 2533 στρατὸς
1105 2446 1512 2533 περαιωθεὶς
1552 2440 1665 2512 δια
1693 2444 1809 2530 τῆς
1834 2447 2040 2524 Κυζι-

126 2553 338 2635 κηνῆς
363 2544 580 2635 χώρας
613 2545 850 2634 διαβας
889 2574 960 2616 τε
985 2547 1094 2617 ἐπὶ
1119 2574 1245 2635 την
1270 2552 1613 2616 Βιθυνίαν
1639 2572 1891 2634 ομορον
1919 2532 2043 2613 οὗ-

127 2672 260 2721 σαν
285 2646 614 2738 ἠπείγετο.

33 2784 94 2826 ms
339 2780 430 2833 ως
467 2752 542 2821 δὲ
580 2755 898 2841 διέδραμε
935 2750 1124 2841 φήμη
1167 2756 1285 2837 τῆς
1306 2748 1621 2838 Σεθηρου
1664 2752 1889 2835 νίκης,
1928 2742 2047 2815 εὖ·
2076 2749 2107 2805 7

129 2852 271 2936 θὺς
313 2858 388 2925 ἐν
415 2862 576 2925 πᾶσι
605 2871 742 2935 τοῖς
775 2862 1050 2925 ἔθνεσιν
1079 2856 1363 2933 ἐκείνοις
1394 2847 1623 2932 στάσις
1660 2851 1775 2919 καὶ
1806 2848 2052 2937 διάφο·

133 2984 251 3048 ρος
285 2957 518 3046 γνώμη
549 2960 818 3028 ἐνέπεσε
862 2971 1005 3037 ταῖς
1045 2956 1353 3041 πόλεσιν,
1398 2950 1523 3041 οὐχ
1550 2949 1727 3023 οὕτω
1769 2957 1850 3042 τῆ
1883 2948 2053 3041 πρὸς

136 3057 299 3141 τούς
335 3067 791 3149 πολεμοῦντας
835 3061 1145 3149 βασιλέας
1195 3053 1524 3148 απεχθεία
1560 3050 1778 3125 τινὶ””
1732 3082 1775 3142 η
1821 3051 2055 3144 εὐνοία

141 3190 236 3244 ως
261 3163 432 3255 ζήλω
457 3165 571 3232 καὶ
605 3167 780 3253 ἔριδι
805 3170 886 3253 τῇ
919 3158 1086 3252 πρὸς
1105 3157 1395 3248 ἆλληλας
1420 3157 1667 3251 φθάνω
1692 3184 1763 3226 τε
1790 3158 1903 3226 καὶ
1930 3183 2054 3225 κα-

47 3290 106 3333 ειο
144 3268 450 3355 θαιρέσει
491 3294 627 3335 των
665 3262 1054 3354 ὁμοφύλων.
1117 3260 1395 3354 ἀρχαῖον
1421 3267 1619 3331 τοῦτο
1658 3259 1879 3340 παθος
1904 3253 2124 3336 ‘effl-

144 3367 408 3457 λήνων,
451 3376 518 3437 οἳ
543 3366 710 3459 πρὸς
747 3364 1078 3457 ἀλλήλους
1117 3365 1571 3450 στασιάζοντες
1618 3360 1723 3433 ἀεὶ
1750 3364 1863 3433 καὶ
1900 3360 2059 3443 τοὺς

143 3468 500 3561 υπερέχειν
540 3476 906 3553 δοκοῦντας
943 3480 1303 3561 καθαιρεῖν
1328 3470 1645 3549 θέλοντες
1680 3466 2064 3558 ἐτρύχωσαν
