2475 3859
846 122 1148 181 TPITON
1863 120 1941 181 85

18 300 328 381 στηρίων
373 298 610 379 ζῆλονῇ
641 296 954 372 αἰωνίους
991 293 1066 360 δὲ
1106 289 1311 372 αὐτὰς
1352 292 1637 363 ἐκάλουν
1675 298 1745 363 οἱ
1770 294 1937 381 τότε,

19 393 392 475 ἀκούοντες
421 400 629 483 τριῶν
646 400 899 482 γενεῶν
927 400 1441 483 διαδραμουσῶν
1469 400 1935 466 ἐπιτελεῖσθαι.

17 499 318 587 κήρυκες
365 504 536 587 γοῦν
577 497 744 567 κατά
778 524 850 567 τε
881 496 1006 585 τὴν
1045 494 1299 588 Ῥώμην
1339 499 1452 568 καὶ
1495 498 1619 587 τὴν
1659 496 1939 569 Ἰταλίαν

19 608 394 690 διεφοίτων
423 608 784 681 καλοῦντες
812 597 1005 689 ἥκειν
1037 604 1150 671 καὶ
1184 600 1567 671 θεάσασθαι
1606 602 1856 684 πάντας
1896 599 1939 670 ὁὶ

17 705 192 793 μήτε
221 704 408 775 εἶδον
432 700 596 793 μήτε
631 700 930 785 ὄψονται.
986 700 1198 786 οὕτως
1226 702 1261 774 ὁ
1291 703 1536 791 μεταξύ
1560 705 1799 795 χρόνος
1823 712 1938 794 τῆς

15 807 498 895 παρελθούσης
529 810 756 895 ἑορτῆς
782 809 896 877 καὶ
921 813 1038 895 τῆς
1052 807 1421 895 μελλούσης
1446 812 1787 897 ἐδηλοῦτο,
1808 815 1938 877 πᾶ-

15 932 152 980 σαν
181 908 450 1000 ἡλικίαν
481 907 868 997 ἀνθρώπων
897 906 1347 999 ὑπερβαίνων.

229 1019 580 1102 διατρίψας
607 1014 681 1084 δὲ
713 1011 986 1093 ἱκανοὺς
1011 1013 1293 1102 χρόνους
1323 1016 1398 1082 ἐν
1424 1021 1503 1105 τῇ
1520 1010 1752 1106 Ῥώμῃ,
1781 1015 1936 1096 τούς
1958 1031 1996 1090 9

18 1144 92 1185 τε
119 1122 294 1199 υίεῖς
320 1112 529 1186 αὑτοῦ
553 1114 927 1196 κοινωνοὺς
951 1122 1066 1203 τῆς
1094 1124 1434 1204 βασιλείας
1467 1118 1579 1187 καὶ
1606 1116 1937 1205 αὐτοκρά-

21 1246 222 1309 τορας
265 1216 617 1303 ἀποδείξας
635 1272 656 1308 ,
707 1220 1118 1309 βουλόμενος
1171 1220 1374 1302 δόξαν
1415 1217 1710 1309 ἅρασθαι
1749 1229 1939 1309 νίκης

15 1320 108 1411 μὴ
139 1323 350 1411 μόνον
377 1326 712 1410 ἐμφυλίου
742 1350 812 1391 τε
838 1325 950 1391 καὶ
979 1321 1144 1391 κατὰ
1174 1319 1550 1410 Ῥωμαϊκῶν
1578 1328 1937 1413 στρατοπέ-

16 1431 196 1512 δων,
227 1422 338 1514 ἐφ’
371 1416 417 1515 ᾗ
443 1426 556 1495 καὶ
581 1431 1036 1513 θριαμβεῦσαι
1073 1422 1366 1515 ᾐδέσθη,
1414 1422 1581 1495 ἀλλὰ
1620 1428 1734 1495 καὶ
1772 1426 1937 1495 κατὰ

15 1529 382 1620 βαρβάρων
409 1531 658 1616 ἐγεῖραι
684 1528 988 1617 τρόπαια,
1017 1528 1359 1618 πρόφασιν
1385 1528 1785 1618 ποιούμενος
1812 1530 1935 1616 τὴν

13 1639 402 1721 Βαρσημίου
429 1638 552 1700 τοῦ
585 1627 922 1721 Ἀτρηνῶν
948 1634 1271 1720 βασιλέως
1310 1630 1477 1722 πρὸς
1514 1640 1778 1721 Νίγρον
1818 1660 1935 1720 φι-

15 1743 174 1803 λίαν
210 1734 648 1822 ἐστράτευσεν
675 1736 784 1803 ἐπὶ
813 1732 936 1822 τὴν
975 1731 1327 1821 ἀνατολήν.
1432 1734 1694 1825 παριῶν
1721 1736 1795 1805 δὲ
1822 1740 1933 1807 καὶ
1959 1748 1993 1799 2

13 1835 138 1925 τὴν
160 1834 512 1928 Ἀρμενίαν
533 1842 978 1925 καταδραμεῖν
996 1835 1303 1926 ἠθέλησε’
1333 1836 1601 1924 φθάσας
1618 1838 1695 1907 δὲ
1713 1834 1749 1907 ὃ
1764 1845 1938 1906 τῶν·
1966 1846 2039 1879 ¹⁹⁹

9 1938 378 2029 ’Λρμενίων
403 1939 717 2029 βασιλεὺς
742 1939 1039 2029 χρήματά
1066 1966 1136 2009 τε
1163 1936 1347 2031 αὐτῷ
1385 1941 1499 2009 καὶ
1539 1945 1725 2027 δῶρα
1764 1936 1933 2027 ὁμή-

15 2071 180 2131 ρους
202 2071 275 2113 τε
317 2042 636 2113 ἱκετεύων
677 2050 960 2131 ἔπεμψε,
1000 2042 1295 2123 σπονδὰς
1330 2044 1445 2112 καὶ
1474 2039 1746 2113 εὔνοιαν
1772 2038 1931 2112 ὑπι-

13 2146 442 2235 σχνούμενος.
499 2142 535 2215 ὃ
578 2146 652 2215 δὲ
691 2152 991 2235 Σεεῆρος
1033 2153 1169 2215 τῶν
1208 2150 1283 2215 ἐν
1316 2142 1631 2237 ’Λρμενίᾳ
1670 2172 1932 2236 προχω-

17 2249 326 2338 ρούντων
363 2246 530 2319 κατὰ
575 2249 848 2337 γνώμην
894 2251 1003 2318 ἐπὶ
1043 2248 1166 2337 τὴν
1206 2244 1547 2337 Ἀτρηνῶν
1596 2245 1926 2337 ἠπείγετο.

12 2355 402 2441 προσέφυγε
444 2352 520 2421 δὲ
558 2348 740 2445 αὐτῷ
783 2354 894 2421 καὶ
935 2348 970 2420 ὃ
1005 2348 1385 2440 Ὀσροηνῶν
1428 2352 1741 2439 βασιλεὺς
1780 2349 1927 2421 Αὔ-

11 2482 252 2543 γαρος,
293 2454 450 2535 τούς
491 2482 562 2525 τε
603 2459 846 2536 παῖδας
885 2450 1249 2544 ὁμηρεύειν
1300 2458 1367 2536 ἐς
1404 2451 1777 2542 ἀσφάλειαν
1816 2463 1927 2524 πί·-

9 2578 217 2640 στεως
279 2559 593 2644 ἐξέδωκε,
658 2556 924 2640 τοξότας
993 2584 1066 2626 τε
1133 2565 1485 2639 πλείστους
1544 2554 1927 2647 συμμάχους

6 2658 280 2749 ἤγαγεν.
595 2730 598 2733 ,

217 2760 254 2833 ὁ
295 2763 368 2833 δὲ
408 2768 709 2851 Σεεῆρος
751 2759 986 2849 διαβὰς
1024 2758 1147 2849 τὴν
1185 2766 1325 2830 τῶν
1364 2767 1677 2850 ποταμῶν
1720 2764 1929 2848 μέσην
1957 2785 1991 2837 3

9 2873 140 2955 γῆν
166 2893 238 2936 τε
264 2868 378 2935 καὶ
424 2863 842 2955 Ἀδιαβηνῶν
867 2863 1125 2951 χῶραν,
1159 2866 1489 2951 ἐπέδραμε
1514 2866 1627 2933 καὶ
1654 2862 1775 2952 τὴν
1806 2861 1923 2932 εύ-

9 2975 298 3058 δαίμονα
319 2965 671 3057 Ἀραβίαν·
703 2970 894 3058 φέρει
920 2964 1046 3056 γὰρ
1075 2965 1240 3046 πόας
1269 2962 1578 3053 εὐώδεις,
1612 2960 1717 3045 αἷς
1742 2962 1923 3054 ἀρῶ-

7 3093 168 3160 μασι
194 3073 308 3142 καὶ
333 3070 710 3161 θυμιάμασι
734 3070 1067 3159 χρώμεθα.
1143 3066 1390 3148 πολλὰς
1433 3069 1509 3139 δὲ
1547 3067 1769 3156 κῶμας
1809 3071 1922 3138 καὶ

7 3175 236 3255 πόλεις
262 3174 608 3263 πορθήσας
641 3170 765 3263 τήν
791 3201 861 3243 τε
887 3172 1112 3261 χώραν
1144 3170 1566 3261 λεηλατήσας,
1602 3170 1827 3241 ἐλθῶν
1854 3174 1922 3252 ἐς

9 3276 133 3366 τὴν
175 3274 516 3367 Ἀτρηνῶν
567 3276 827 3365 χῶραν,
873 3272 1486 3365 προσκαθεζόμενος
1532 3271 1646 3354 τοὶς
1680 3271 1923 3361 ”Amas

8 3378 404 3468 ἐπολιόρκει.
447 3370 534 3468 ἦν
563 3379 640 3449 δὲ
669 3378 857 3459 πόλις
883 3374 989 3447 ἐπ’
1025 3373 1232 3466 ἄκρας
1260 3372 1673 3465 ὑψηλοτάτης
1700 3372 1919 3466 ὅρους,
1949 3401 1983 3452 4

7 3490 206 3573 τείχει
231 3490 522 3577 μεγίστω
550 3483 662 3553 καὶ
687 3489 976 3574 γενναίῳ
1003 3482 1553 3573 περιβεβλημένη,
1580 3478 1823 3568 πλήθει
1850 3506 1919 3547 τε
