2475 3859
481 117 560 181 58
1217 120 1666 183 ΔΕΊΤΕΡΟΝ

479 318 586 375 τες
615 287 766 361 οὐδ’
799 286 884 361 ἂν
915 298 1030 380 τῆς
1056 296 1218 380 βοῆς
1260 286 1453 379 ὑμῶν
1495 287 1922 379 ἀνάσχοιντο,
1960 286 2109 361 οῦτι
2150 319 2229 380 γε
2272 300 2387 382 τῆς

479 395 706 485 μάχης.
737 401 800 464 εἰ
823 397 903 465 δέ
923 422 1096 474 τινες
1123 394 1204 463 τὰ
1229 394 1395 465 κατὰ
1413 401 1681 483 Συρίαν
1698 390 2142 465 ὑποπτεύοιεν
2170 395 2389 484 πράγ-

479 528 684 588 ματα,
714 501 1040 567 ἐντεῦθεν
1065 492 1152 566 ἂν
1189 498 1627 588 τεκμήραιντο
1666 494 1923 585 ἀσθενῆ
1960 524 2032 567 τε
2070 494 2235 567 ὄντα
2276 501 2389 567 καὶ

481 602 745 691 φαύλας
774 607 1006 687 ἔχοντα
1031 598 1146 681 τὰς
1174 604 1465 687 ἐλπίδας,
1494 597 1664 671 ὅπου
1690 606 1822 689 μηδ
1827 600 1858 670 ὲ
1884 609 2246 688 προελθεῖν
2274 610 2387 689 τῆς

483 702 708 776 αὐτῶν
737 703 953 793 χώρας
981 703 1378 792 ἐτόλμησαν,
1407 705 1580 793 μηδέ
1616 732 1679 801 τι
1706 706 1859 790 περὶ
1898 712 2013 791 τῆς
2040 707 2105 785 ἐς
2132 700 2387 794 Ῥώμην
2414 730 2433 767 5

481 807 750 896 ἀφόδου
804 806 1311 895 βουλεύσασθαι
1377 807 1793 895 ἐθάρρησαν,
1848 803 2196 895 ἀγαπητῶς
2250 811 2393 877 ἐκεῖ

481 913 812 1000 μένοντες,
841 912 953 979 καὶ
983 910 1319 999 ἐφήμερον
1352 907 1621 998 τρυφὴν
1652 912 1887 999 κέρδος
1916 916 2031 999 τῆς
2054 905 2243 979 οὔπω
2272 919 2389 1000 βε·-

423 1023 454 1077 7
483 1021 678 1103 βοείας
719 1008 922 1101 ἀρχῆς
961 1020 1365 1101 νομίζουσιν.
1440 1015 1551 1083 ἐπὶ
1586 1013 1712 1101 μὲν
1753 1011 1881 1103 γὰρ
1920 1012 1995 1083 τὸ
2033 1014 2389 1101 χαριέντως

481 1117 596 1187 καὶ
639 1113 802 1203 μετὰ
841 1122 1110 1196 παιδιᾶς
1153 1113 1549 1197 άποσκώψαι
1592 1116 1950 1204 ἐπιτήδειοι
1985 1116 2240 1207 Σύροι,
2276 1119 2387 1186 καὶ

481 1219 764 1309 μάλιστα
817 1223 886 1287 οἰ
935 1218 1060 1307 τὴν
1106 1216 1509 1307 Ἀντιόχειαν
1552 1225 1927 1305 οἰκοῦντες,
1966 1216 2169 1308 <οῧς>
2222 1240 2387 1309 φασι
2418 1238 2475 1290 Ν,

483 1324 639 1413 περὶ
665 1320 782 1390 τὸν
807 1328 1072 1413 Νίγρον
1106 1325 1619 1393 ἐσπουδακέναι·
1662 1320 1744 1391 τὰ
1771 1319 1834 1392 δ’
1870 1319 2037 1393 ἅλλα
2078 1329 2245 1412 ἔθνη
2278 1324 2389 1393 καὶ

484 1431 558 1495 αἱ
587 1422 780 1493 ἄλλαι
825 1426 1049 1505 πόλεις
1088 1427 1280 1514 μέχρι
1332 1432 1465 1496 νῦν
1506 1432 1599 1519 τῷ
1650 1428 1905 1513 μηδένα
1946 1421 2387 1515 εὑρίσκεσθαι
2466 1437 2475 1483 ⁴

480 1528 600 1599 τὸν
627 1525 813 1610 ἄξιον
849 1535 963 1617 τῆς
1009 1525 1212 1619 ἀρχῆς
1244 1523 1599 1618 ἐσόμενόν,
1642 1528 1881 1599 σπάνει
1920 1536 2041 1598 τοῦ
2082 1526 2223 1617 μετ’
2270 1526 2388 1599 ἆν-

485 1638 709 1722 δρείας
737 1633 850 1700 καὶ
877 1631 1224 1719 σώφρονος
1256 1632 1643 1720 διοικήσεως
1668 1628 1979 1721 ἄρξοντος
2007 1634 2241 1724 ἐκείνῳ
2268 1638 2389 1719 dr}-

421 1747 456 1800 8
485 1743 606 1805 λον
641 1730 743 1804 ὅτι
769 1741 1293 1824 προσποιοῦνται
1318 1731 1709 1805 ὑπακούειν.
1816 1741 1878 1804 εἰ
1902 1735 1977 1803 δὲ
2002 1734 2125 1823 τήν
2162 1763 2238 1821 τε
2266 1731 2386 1806 Ἰλ-
2412 1757 2445 1795 1³

481 1836 766 1926 λυρικὴν
795 1837 1086 1927 δύναμιν
1113 1834 1247 1927 ἅμα
1272 1837 1829 1929 χειροτονήσασαν
1870 1837 2189 1926 μάθοιεν,
2220 1838 2297 1907 τό
2322 1865 2387 1907 τε

481 1939 804 2031 ἡμέτερον
831 1938 1042 2029 ὄνομα
1070 1942 1403 2012 πύθοιντο
1424 1937 1550 2011 οὐκ
1578 1938 1925 2029 ἄγνωστον
1951 1937 2101 2011 οὐδ’
2135 1938 2386 2030 ἄσημον

481 2041 640 2133 παρ’
689 2040 916 2126 αὐτοῖς
954 2041 1259 2133 ὑπάρχον
1310 2047 1375 2127 ἐξ
1430 2034 1527 2114 ὦν
1570 2040 2136 2133 ήγεμονεύσαντες
2179 2047 2387 2115 ἐκεῖσε
2472 2034 2474 2097 3

483 2142 942 2239 διῳκήσαμεν,
973 2137 1052 2215 εὖ
1099 2156 1272 2233 ἴστε,
1312 2141 1469 2215 οὔτε
1510 2149 1672 2235 ἐμοῦ
1714 2150 2059 2239 ρᾳθυμίαν
2100 2142 2144 2236 ἢ
2181 2144 2388 2234 ἄδρα-

482 2256 640 2319 νίαν
667 2248 1241 2336 καταγνώσονται,
1274 2246 1428 2319 οὔτε
1454 2248 1527 2347 τὸ
1562 2246 1888 2341 ὑμέτερον
1927 2265 2243 2338 γενναῖον
2280 2251 2387 2319 καὶ
2412 2265 2451 2305 2⁰

483 2349 649 2439 πρὸς
677 2350 790 2432 τὰς
817 2352 1022 2440 μάχας
1061 2352 1378 2442 ἐμβριθὲς
1418 2349 1789 2442 ὑποστῆναι
1828 2353 2247 2443 αἱρήσονται,
2284 2355 2390 2423 καὶ

411 2458 420 2475 ’
485 2452 808 2541 σωμάτων
849 2455 1166 2543 μεγέθεσι
1211 2458 1323 2525 καὶ
1362 2456 1591 2527 πόνων
1641 2453 1957 2544 άσκήσεσι
1998 2459 2153 2542 [καὶ]
2196 2460 2275 2527 ἐν
2318 2462 2391 2547 τῇ
2470 2526 2472 2553 ἱ

425 2566 460 2619 9
489 2556 827 2645 συστάδην
855 2558 1027 2647 μάχῃ
1055 2555 1226 2628 πολὺ
1257 2555 1448 2647 ὑμῶν
1476 2555 1967 2641 ἀπολείποντες.
2024 2558 2391 2649 φθάσωμεν
2470 2584 2473 2601 ·

483 2650 610 2729 οὖν
641 2658 763 2749 τὴν
792 2656 1045 2749 Ῥώμην
1077 2663 1724 2751 προκαταλαβόντες,
1766 2669 1939 2733 ἔνθα
1978 2659 2019 2751 ἡ
2065 2670 2392 2752 βασίλειος

483 2770 666 2833 ἔστιν
693 2766 875 2833 ἑστία
895 2787 909 2800 ·
951 2759 1275 2833 κάκεῖθεν
1315 2761 1691 2855 ὁρμώμενοι
1727 2764 1809 2837 τα
1846 2764 2046 2835 λοιπά
2086 2763 2387 2857 εὐμαρῶς
2412 2784 2451 2823 25

483 2867 941 2957 διοικήσομεν,
984 2874 1206 2949 θείαις
1257 2895 1329 2937 τε
1368 2868 1773 2958 προρρήσεσι
1814 2869 2239 2949 πιστεύοντες
2284 2869 2391 2939 καὶ
2468 2864 2470 2949 ᾗ

481 2977 562 3060 τῇ
589 2977 724 3039 τῶν
753 2967 1095 3061 ὑμετέρων
1121 2966 1402 3063 ἀνδρεία
1428 2968 1657 3039 ὅπλων
1682 2998 1753 3040 τε
1780 2973 1893 3040 καὶ
1918 2968 2295 3059 σωμάτων.”

685 3081 958 3143 τοιαῦτα
996 3072 1265 3143 εἰπόντα
1303 3072 1423 3142 τὸν
1451 3080 1757 3163 Σεεῆρον
1788 3070 2290 3165 εῦφημήσαντες
2332 3075 2399 3143 οἱ

486 3183 912 3263 στρατιῶται,
944 3182 1304 3255 καλοῦντες
1328 3173 1653 3264 σεβαστόν
1680 3179 1791 3246 καὶ
1818 3184 2232 3269 Περτίνακα,
2265 3183 2391 3245 πᾶ-
2466 3226 2468 3298 1

389 3285 460 3344 11
487 3298 614 3346 σαν
668 3281 1132 3347 ἐνεδείκνυντο
1185 3285 1575 3365 προθυμίαν
1630 3281 1743 3348 καὶ
1804 3279 2131 3368 σπουδήν.
2236 3276 2271 3349 ὁ
2316 3278 2387 3349 δὲ
2414 3300 2455 3341 ³⁰

488 3386 787 3467 Σευῆρος
823 3381 1078 3467 μηδένα
1111 3376 1344 3459 διδοὺς
1386 3379 1625 3466 καιρὸν
1662 3378 2025 3471 ἀναβολῆς,
2058 3380 2387 3451 συσκευά-

489 3487 747 3549 σασθαί
791 3508 861 3549 τε
909 3476 1152 3559 αὐτοὺς
1190 3475 1279 3560 ὡς
1318 3486 1421 3551 ἔνι
1456 3482 1733 3571 μάλιστα
1779 3481 2207 3555 εὐτελέστατα
2248 3485 2389 3554 ἐκέ-
2464 3516 2466 3648 ρ
