2475 3859
897 134 1241 196 ΟΓΔΟΟΝ
1913 131 2022 193 191

110 308 344 392 μαίων
381 297 594 391 ἀρχὴν
619 304 852 390 μηκέτι
889 309 1026 374 τῶν
1058 307 1132 374 έν
1163 301 1403 396 Ἰταλίᾳ
1429 303 1691 376 πόλεων
1713 301 1759 394 ἢ
1790 313 2031 396 τειχῶν

109 402 154 494 ἢ
181 402 422 476 ὅπλων
447 411 858 494 δεηθεισῶν,
891 413 1387 496 μετειληφυιῶν
1428 406 1507 478 δὲ
1544 405 2029 498 ἀντιπολέμων

111 507 399 599 εἰρήνην
439 517 728 597 βαθεῖαν
765 510 878 579 καὶ
931 517 1048 599 τῆς
1098 510 1280 598 παρὰ
1322 507 1658 599 Ῥωμαίοις
1698 519 2029 595 πολιτείας

107 618 482 684 κοινωνίαν
498 634 512 650 ·
567 610 744 698 πλὴν
769 611 916 683 τότε
947 609 990 702 ἡ
1016 622 1206 701 χρεία
1242 611 1469 702 ἤπειξε
1506 613 1581 686 τὸ
1608 631 1817 703 τεῖχος
1854 613 2023 686 ἆνα-
2050 640 2083 693 5
2172 640 2181 658 ·

59 741 72 782 ι
107 711 506 786 νεῶσασθαι
533 715 615 784 τά
639 711 702 783 τ’
738 718 994 804 ἐρείπια
1035 713 1585 808 ἀνοικοδομῆσαι,
1624 719 1929 810 πύργους
1956 748 2027 790 τε

108 819 229 890 καὶ
263 818 562 900 ἐπάλξεις
600 821 868 907 ἐγεῖραι.
921 819 1190 908 τάχιστα
1217 811 1345 890 οὖν
1372 821 1743 909 φράξαντες
1772 829 1864 916 τῷ
1891 831 2028 894 τεί-

106 949 214 1009 χει
261 919 389 1009 τὴν
429 921 657 1008 πόλιν,
703 921 818 1002 τάς
863 949 934 992 τε
975 923 1190 1004 πύλας
1231 931 1649 1012 κλείσαντες,
1694 929 2027 1014 πανδημεὶ

107 1026 223 1094 ἐπὶ
250 1031 388 1094 τῶν
413 1031 652 1112 τειχῶν
677 1025 941 1115 νύκτωρ
964 1055 1036 1096 τε
1067 1029 1182 1096 καὶ
1205 1024 1368 1116 μεθ’
1396 1023 1653 1120 ἡμέραν
1680 1032 2027 1119 ἱδρυμένοι

109 1142 254 1208 τοῖς
277 1134 678 1218 προσιοῦσιν
711 1125 1142 1218 ἀπεμάχοντο.
1215 1130 1667 1220 ἐστρατήγουν
1692 1131 1769 1201 δὲ
1794 1128 2023 1202 αὐτῶν

59 1251 76 1292 ³
109 1233 226 1301 καὶ
255 1231 472 1302 πάντα
497 1231 677 1318 εἶχον
706 1231 818 1302 διὰ
845 1238 1204 1322 φροντίδος
1237 1232 1481 1324 ἄνδρες
1506 1232 1655 1321 δύο,
1682 1231 1815 1304 άπὸ
1846 1231 2021 1305 ὓπα-

109 1341 292 1415 τείας
319 1336 474 1423 μέν,
507 1337 966 1422 ἐπιλεχθέντες
991 1337 1067 1406 δὲ
1095 1333 1228 1406 ὑπὸ
1258 1345 1373 1426 τῆς
1400 1336 1810 1425 συγκλήτου·
1856 1329 1955 1410 οἷν
1982 1334 2022 1408 ὃ

108 1439 237 1525 μὲν
266 1445 633 1526 Κρισπῖνος
659 1433 698 1506 ὃ
737 1438 812 1506 δὲ
853 1447 1248 1527 Μηνίφιλος
1280 1445 1599 1512 έκαλεετσ.
1702 1443 1816 1511 καὶ
1856 1441 2021 1531 μετὰ
2050 1463 2084 1516 6

109 1547 362 1629 πολλῆς
387 1547 704 1628 προνοίας
730 1539 810 1610 τά
840 1569 910 1610 τε
936 1541 1275 1631 ἐπιτήδεια
1314 1543 1727 1630 πάμπλειστα
1763 1551 2021 1616 εἰσεκο-

109 1650 428 1732 μίσαντο,
457 1671 546 1724 ως
571 1646 908 1714 ἐκτένειαν
935 1643 1140 1731 εἶναι,
1170 1651 1235 1714 εἰ
1258 1648 1373 1716 καὶ
1398 1649 1875 1738 έπιμηκεστέρα
1902 1650 2018 1737 γέ-

59 1773 78 1814 s
109 1774 294 1817 νοιτο
323 1754 696 1837 πολιορκία.
749 1737 838 1836 ἦν
863 1748 940 1818 δὲ
963 1750 1078 1818 καὶ
1109 1743 1355 1831 ὕδατος
1392 1747 1697 1839 ἀφθονία
1738 1778 2019 1838 φρεατι-

107 1856 294 1921 αίου
323 1848 534 1920 πολλα
561 1849 690 1939 γὰρ
718 1849 798 1922 τὰ
825 1848 1166 1941 ὀρύγματα
1184 1856 1259 1922 έν
1274 1859 1355 1944 τῇ
1381 1852 1602 1922 πόλει·
1631 1853 1919 1940 ποταμός
1946 1879 2017 1922 τε

106 1967 443 2043 παραρρεῖ
463 1956 536 2024 τὸ
563 1970 806 2042 τεῖχος,
835 1951 1005 2042 ὁμοῦ
1045 1957 1353 2045 παρέχων
1393 1982 1465 2026 τε
1510 1954 1853 2048 προβολὴν
1895 1956 2015 2026 τά-

107 2084 290 2145 φρου
317 2057 432 2126 καὶ
454 2063 772 2147 χορηγίαν
797 2053 1064 2140 ὕδατος.

309 2158 390 2230 τὰ
422 2159 545 2249 μὲν
571 2151 698 2230 οὖν
723 2163 800 2230 ἐν
823 2168 904 2252 τῇ
931 2161 1120 2232 πόλει
1147 2155 1327 2230 οὕτω
1352 2159 1849 2248 παρεσκεύαστο
1863 2181 1881 2200 ·
1921 2170 2011 2254 τῷ
2036 2169 2073 2230 3

61 2287 78 2328 ι
109 2263 188 2332 δὲ
214 2267 574 2355 Μαξιμίνω
601 2261 834 2352 ἐπειδὴ
873 2261 1212 2354 ἀπηγγέλη
1254 2265 1727 2352 φρουρουμένη
1760 2266 1876 2334 καὶ
1900 2293 2017 2334 κε-

107 2368 462 2455 κλεισμένη
489 2373 814 2453 γενναίως
839 2395 880 2454 η
905 2368 1114 2454 πόλις,
1145 2369 1331 2448 ἔδοξε
1356 2367 1609 2454 πέμψαι
1638 2370 1713 2437 έν
1738 2368 2015 2457 σχήματι

108 2475 464 2558 πρεσβείας
489 2465 647 2550 τούς
671 2469 984 2540 κάτωθεν
1018 2471 1557 2559 διαλεξομένους,
1596 2467 1741 2540 εί”
1699 2500 1827 2559 αρα
1864 2482 2015 2543 πεί-

107 2594 296 2644 σαιεν
319 2569 567 2652 αὐτοὺς
593 2569 848 2655 ἀνοῖξαι
873 2601 990 2653 τας
1015 2573 1249 2654 πύλας.
1320 2599 1408 2661 ην
1433 2572 1509 2642 δὲ
1536 2575 1609 2642 ἐν
1634 2601 1729 2666 τω
1755 2583 2014 2666 στρατῷ

105 2682 488 2768 χιλίαρχος
465 2703 516 2744 ω
553 2679 788 2766 πατρὶς
811 2673 1008 2765 μὲν
971 2703 1015 2764 η
1045 2673 1360 2764 Ἀκυληία
1396 2665 1515 2764 ἦν,
1554 2678 1753 2746 τέκνα
1788 2703 1859 2746 τε
1896 2678 2011 2746 καὶ

63 2799 78 2842 ⁵
109 2807 282 2866 γυνη
309 2784 547 2850 οἰκεῖοί
583 2807 656 2849 τε
681 2779 924 2860 πάντες
951 2785 1151 2850 ἔνδον
1177 2775 1661 2850 ἆπεκέκλειντο.
1765 2785 2007 2848 τοῦτον
2034 2797 2068 2848 2

109 2871 238 2950 οὖν
263 2887 512 2970 ἔπεμψε
539 2880 672 2952 συν
697 2885 944 2975 ἑτέροις
961 2881 1487 2971 ἑκατοντάρχαις,
1506 2884 1775 2961 ἐλπίσας
1802 2884 2007 2972 ῥᾷστα

107 2990 364 3056 πείσειν
391 2981 480 3066 ὥς
505 2993 802 3076 πολίτην.
863 2984 1261 3074 ἀφικόμενοι
1300 2986 1377 3054 δὲ
1410 2989 1483 3053 οί
1515 2985 1825 3074 πρέσβεις
1860 2991 2009 3054 ἔλε-

107 3115 232 3174 γον
247 3083 350 3158 ὅτι
373 3084 502 3177 ἄρα
525 3089 788 3160 κελεύει
807 3094 1182 3178 Μαξιμτνος
1199 3085 1238 3160 ὃ
1262 3085 1487 3168 κοινὸς
1504 3084 1819 3173 βασιλεὺς
1834 3083 2007 3158 ὅπλα

105 3191 230 3278 μὲν
258 3187 504 3272 αὐτούς
529 3196 948 3264 καταθέσθαι
975 3195 1052 3263 ἐν
1077 3191 1343 3283 εἰρήνη,
1372 3196 1576 3278 φίλον
1602 3188 1681 3261 δὲ
1704 3187 1853 3260 ἀντὶ
1878 3216 2007 3259 πο-

65 3313 78 3354 )
107 3300 340 3382 λεμίου
385 3298 728 3384 δέχεσθαι,
773 3302 1096 3378 σπονδαῖς
1147 3296 1224 3366 δὲ
1278 3301 1535 3383 μᾶλλον
1580 3295 1694 3364 καὶ
1730 3299 2007 3374 θυσίαις

108 3397 444 3485 σχολάζειν
469 3394 512 3486 ἦ
539 3398 793 3488 φόνοις,
813 3399 981 3489 μηδὲ
998 3405 1319 3491 περιορᾶν
1332 3401 1621 3485 πατρίδα
1632 3400 2007 3487 μέλλουσαν

106 3498 318 3591 ἄρδην
341 3503 453 3572 καὶ
487 3504 562 3572 ἐκ
597 3509 930 3590 θεμελίων
971 3500 1427 3591 ἀπόλλυσθαι,
1472 3498 1628 3572 ἐνὸν
1670 3497 1897 3583 αὐτοῖς
1936 3525 2008 3570 τε
