2475 3859
970 165 1321 225 ΠΡῼΤΟΝ
2016 162 2043 221 1
2060 164 2087 223 1

179 342 380 419 λέσας
403 337 560 418 τοὺς
587 345 830 425 φίλους
855 348 1102 407 ποθεῖν
1129 344 1316 423 ἔλεγε
1340 332 1465 424 τὴν
1492 341 1778 423 πατρίδα
1795 330 1820 373 ·’
1856 333 2091 426 ὁμολο-

179 458 332 532 γεῖν
359 442 438 512 δὲ
477 438 596 522 τὰς
635 446 849 520 αἰτίας
888 446 1002 530 τῆς
1042 445 1393 529 αἰφνιδίου
1430 434 1637 528 ὁρμῆς
1678 439 2095 529 αἰδούμενος,

182 548 486 617 δεδιέναι
514 559 974 633 προσεποιεῖτο
989 544 1080 633 μή
1106 571 1206 625 τις
1225 545 1441 613 ἐκεῖσε
1467 544 1959 632 προκαταλάβοι
1971 541 2097 633 τὴν

181 656 533 739 βασίλειον
585 650 810 717 ἑστίαν
860 652 999 717 τῶν
1051 643 1475 737 εὐπατριδῶν
1527 654 1905 733 πλουσίων,
1954 645 2090 717 εἶθ’

115 784 146 821 5
185 749 414 842 ῶσπερ
443 754 508 833 ἐξ
535 747 776 840 ὀχυρᾶς
801 747 1225 840 ἀκροπόλεως
1262 742 1554 837 δύναμιν
1580 751 1693 818 καὶ
1733 749 2100 840 περιβολὴν

182 854 642 945 συγκροτήσας
669 856 982 943 ἐπιθῆται
1007 858 1090 943 τῇ
1115 851 1287 943 ἀρχῇ
1304 876 1319 891 ·
1362 850 1699 942 αὐτάρκης
1726 854 1801 923 δὲ
1826 850 1863 923 ὃ
1892 859 2098 944 δῆμος

181 963 548 1049 χορηγῆσαι
573 962 833 1046 πλῆθος
858 958 1222 1027 ἐπιλέκτων
1249 960 1559 1026 νεανιῶν.

386 1059 662 1130 τοιαῦτά
686 1088 838 1129 τινα
878 1062 1455 1149 προφασιζομένου
1490 1064 1614 1128 τοῦ
1648 1066 1997 1149 μειρακίου
2034 1064 2103 1129 oi
2130 1065 2165 1119 4

185 1165 312 1255 μὲν
338 1162 528 1234 ἄλλοι
555 1163 1058 1251 συνεστάλησαν
1082 1190 1155 1233 τε
1191 1161 1317 1252 τὴν
1342 1161 1598 1254 ψυχήν,
1640 1165 1753 1231 καὶ
1778 1172 2096 1251 σκυθρω-

93 1288 150 1330 1⁰
187 1283 346 1348 παῖς
370 1284 515 1349 ταῖς
540 1265 777 1349 ὄψεσιν
804 1269 870 1347 ἐς
895 1272 1026 1355 γῆν
1051 1272 1368 1337 ἔνευσαν·
1408 1263 1844 1355 Πομπηιανὸς
1878 1268 1960 1335 δέ
1969 1316 1989 1351 ,
2028 1260 2101 1345 ὃς

187 1368 644 1461 πρεσβύτατός
669 1398 743 1439 τε
767 1362 856 1459 ἦν
883 1366 1202 1439 ἁπάντων
1214 1371 1327 1439 καὶ
1340 1367 1484 1439 κατ’
1519 1372 1877 1459 ἐπιγαμίαν
1890 1388 2095 1459 προσ-

185 1475 378 1565 ήκων
414 1471 598 1568 αὐτῷ
632 1472 951 1567 (συνῴκει
993 1470 1122 1562 γὰρ
1159 1478 1243 1562 τῇ
1270 1472 1695 1564 πρεσβυτάτῃ
1723 1477 1861 1543 τῶν
1898 1469 2097 1542 ἀδελ-

188 1582 346 1667 φῶν
369 1582 492 1647 τοῦ
515 1576 908 1665 Κομμόδου)
956 1571 1247 1647 “ποθεῖν
1296 1580 1421 1665 μέν
1463 1572 1569 1646 σε”
1616 1582 1778 1665 ἔφη,
1820 1570 2102 1647 “τέκνον

189 1682 304 1750 καὶ
331 1682 654 1763 δέσποτα,
681 1676 806 1768 τὴν
833 1684 1120 1768 πατρίδα
1161 1678 1371 1759 εἰκός·
1418 1682 1530 1748 καὶ
1570 1677 1698 1768 γὰρ
1736 1675 1929 1749 αὐτοὶ
1966 1684 2105 1748 τῶν

102 1810 157 1852 15
193 1792 368 1852 οἴκοι
395 1778 592 1873 ὁμοίᾳ
619 1784 946 1873 ἐπιθυμίᾳ
973 1780 1377 1870 ἕαλῶκοίμεν.
1479 1780 1647 1851 ἀλλὰ
1683 1779 1765 1851 τὰ
1805 1785 2103 1851 ἐνταῦθα
2128 1786 2161 1838 5

195 1890 717 1974 προυργιαίτερα
743 1881 906 1953 ὅντα
941 1886 1056 1952 καὶ
1081 1889 1337 1972 μᾶλλον
1362 1886 1713 1971 ἐπείγοντα
1739 1886 1955 1971 ἐπέχει
1981 1880 2105 1971 τὴν

195 1992 586 2077 ἐπιθυμίαν.
614 1992 753 2056 τῶν
779 1986 904 2075 μὲν
929 1983 1055 2077 γὰρ
1084 1989 1300 2057 ἐκεῖσε
1326 1988 1439 2056 καὶ
1464 1984 1751 2078 ὕστερον
1778 1988 1887 2057 ἐπὶ
1914 1995 2099 2057 πλεῖ·-

193 2113 353 2161 στον
393 2095 607 2160 αἰῶνα
643 2086 1079 2175 ἀπολαύσεις,
1122 2093 1263 2159 ἐκεῖ
1300 2117 1373 2159 τε
1412 2085 1455 2180 ἡ
1488 2086 1696 2179 Ῥῶμη
1736 2085 1908 2159 ὅπου
1946 2086 2097 2159 ποτ’

195 2191 282 2265 ἂν
309 2190 346 2263 ὁ
384 2189 700 2283 βασιλεὺς
737 2182 814 2282 ἦ·
867 2188 988 2263 τὸν
1030 2193 1106 2263 δὲ
1144 2193 1437 2282 πόλεμον
1474 2190 1674 2283 ἀτελῆ
1714 2202 2105 2263 καταλιπεῖν

107 2328 165 2368 2⁰
202 2296 366 2388 μετὰ
390 2302 513 2367 τοῦ
537 2294 877 2386 ἀπρεποῦς
901 2297 1016 2365 καὶ
1042 2299 1433 2386 ἐπισφαλές’
1463 2297 1717 2388 θάρσος
1744 2293 1871 2387 γὰρ
1899 2300 2103 2386 ἐμβα-

196 2407 445 2490 λοῦμεν
484 2415 624 2481 τοῖς
659 2399 1057 2491 βαρβάροις,
1099 2397 1224 2469 οὐκ
1279 2400 1613 2472 ἐπανόδου
1664 2399 1887 2469 πόθον
1937 2396 2106 2470 ἀλλὰ

195 2502 422 2594 φυγὴν
447 2505 562 2573 καὶ
587 2505 736 2583 δέος
771 2498 964 2591 ἡμῶν
989 2508 1412 2592 καταγνοῦσι.
1486 2501 1695 2574 καλὸν
1723 2506 1803 2573 δέ
1834 2523 1939 2573 σοι
1964 2530 2101 2591 χει·
2130 2522 2165 2577 6

198 2609 560 2700 ρωσαμένφ
587 2606 842 2685 πάντας
867 2602 1145 2693 αὐτούς,
1173 2609 1287 2676 καὶ
1310 2605 1436 2696 τὴν
1461 2602 1595 2677 ὑπὸ
1630 2612 1711 2695 τῇ
1738 2603 1957 2699 ἄρκτῳ
1983 2603 2101 2696 ἆρ-
2150 2682 2159 2689 ‚

201 2708 320 2799 χὴν
347 2708 624 2802 ὠκεανῷ
651 2704 988 2798 ὁρίσαντα,
1018 2712 1422 2780 ἐπανελθεῖν
1460 2716 1691 2779 οἶκαδε
1718 2708 2104 2799 ’θριαμβεύ-

115 2844 173 2885 ‘25
207 2820 352 2882 οντί
382 2840 456 2883 τε
481 2814 594 2882 καὶ
635 2817 946 2900 δεσμίους
987 2809 1311 2901 ἀπάγοντι
1345 2813 1457 2881 καὶ
1493 2812 1947 2902 αἰχμαλώτους
1981 2818 2105 2899 βα-

203 2924 406 2995 σιλεῖς
428 2944 500 2986 τε
525 2918 640 2985 καὶ
665 2915 1003 3006 σατράπας
1027 2916 1411 3007 βαρβάρους
1426 2938 1441 2953 ·
1470 2916 1728 2996 τούτοις
1752 2912 1879 3005 γὰρ
1907 2915 2022 2983 καὶ
2045 2918 2113 2996 οἱ

205 3016 332 3109 πρὸ
375 3024 499 3088 σοῦ
535 3015 840 3107 Ῥωμαῖοι
880 3018 1152 3107 μεγάλοι
1195 3047 1269 3089 τε
1321 3021 1435 3089 καὶ
1474 3022 1732 3101 ἔνδοξοι
1768 3016 2105 3105 γεγόνασι.

205 3123 499 3193 δεδιέναι
527 3125 607 3191 δέ
627 3142 703 3191 σε
729 3120 812 3191 οὐ
837 3119 962 3212 χρὴ
989 3122 1080 3211 μή
1104 3150 1204 3204 τις
1230 3126 1373 3192 ἐκεῖ
1392 3138 1528 3203 τοῖς
1555 3120 1936 3214 πράγμασιν
1961 3122 2105 3189 ἐπι-

201 3231 426 3315 θῆται.
455 3228 526 3294 οἵ
543 3250 617 3293 τε
642 3221 770 3314 γὰρ
797 3222 1053 3315 ἄριστοι
1071 3231 1188 3315 τῆς
1212 3232 1461 3314 βουλῆς
1487 3228 1785 3294 ἐνταῦθα
1810 3221 1941 3293 σὺν
1967 3232 2105 3292 σοί·

122 3358 174 3399 3ο
206 3327 249 3420 ἥ
273 3356 344 3399 τε
371 3326 808 3418 στρατιωτικὴ
835 3327 1118 3417 δύναμις
1145 3332 1449 3417 παροῦσα
1488 3332 1664 3397 πᾶσα
1700 3332 1815 3415 τῆς
1840 3331 1961 3416 σῆς
1984 3322 2107 3415 ἆρ-

206 3438 316 3521 χῆς
341 3436 764 3523 προασπίζει·
801 3430 1066 3520 ταμιεῖά
1089 3459 1162 3503 τε
1197 3430 1551 3522 χρημάτων
1590 3436 1959 3520 βασιλικῶν
1996 3431 2107 3499 ἐν·-
