2475 3859
991 134 1341 193 ΠΡΩΤΟΝ
2034 134 2109 193 17
2208 197 2212 200 ,

177 328 300 377 σιν
330 312 471 376 τῶν
499 304 793 397 ἐνδόξων
821 301 1245 391 ἀγωνιστῶν,
1287 307 1401 375 καὶ
1438 303 1650 375 αὐτοῦ
1688 305 1812 395 μὲν
1856 331 2107 397 προκα-

177 419 514 491 θίσαντος
542 411 618 479 ἐν
655 411 738 497 τῇ
773 414 1090 501 βασιλείῳ
1131 411 1333 501 ἕδρᾳ,
1374 412 1847 500 πληρωθέντος
1876 410 1951 479 δὲ
1988 418 2112 480 τοῦ

179 513 492 604 θεάτρου
519 508 684 602 μετὰ
717 510 932 600 πάσης
961 509 1349 601 εὐκοσμίας,
1391 518 1529 582 τῶν
1555 540 1627 582 τε
1654 515 1729 583 ἐν
1756 510 2107 595 ἀξιώσεσιν

183 622 264 689 έν
293 619 652 707 ἐξαιρέτοις
678 618 906 706 ἕδραις
931 618 1045 685 καὶ
1075 610 1163 697 ὥς
1182 614 1481 697 ἑκάστοις
1508 620 1885 697 διετέτακτο
1912 620 2103 707 ἱδρυ-

127 756 158 797 5
185 724 442 812 με’νων,
469 728 633 812 πρίν
665 745 730 788 τι
757 721 1075 807 λέγεσθαι
1111 714 1155 808 ἢ
1183 718 1597 809 πράττεσθαι
1639 721 1749 789 ἐπὶ
1786 725 1903 809 τῆς
1942 742 2102 809 σκη-

179 831 310 914 νῆς
339 822 510 914 ἀνὴρ
552 822 931 912 φιλοσόφου
971 826 1202 912 φέρων
1241 828 1458 912 σχῆμα
1496 822 1817 913 (βάκτρον
1850 821 1979 913 γὰρ
2021 816 2107 912 ἦν

181 926 374 1021 αὐτῷ
399 924 564 1018 μετὰ
589 942 842 1017 χεῖρας,
875 922 1228 1019 ἡμιγύμνῳ
1246 953 1321 995 τε
1346 923 1527 1020 αὐτῷ
1555 925 1875 1019 ἐκκρεμὴς
1902 927 2109 1019 πήρα)

183 1030 606 1121 εἰσδραμών,
635 1031 750 1099 καὶ
775 1027 931 1109 στὰς
958 1032 1034 1100 ἐν
1058 1031 1224 1118 μέσῃ
1250 1036 1333 1119 τῇ
1358 1036 1593 1119 σκηνῇ,
1613 1036 1705 1124 τῷ
1731 1058 1803 1100 τε
1828 1036 1943 1120 τῆς
1967 1058 2104 1119 χει-

185 1133 306 1225 ρὸς
331 1134 610 1223 νεύματι
653 1130 772 1202 τὸν
801 1139 1015 1222 δῆμον
1051 1133 1528 1221 κατασιγάσας,
1564 1130 1691 1203 ’ὀύ
1730 1142 2102 1225 πανηγυρί-
2134 1146 2168 1199 4

103 1275 154 1316 10
186 1248 329 1323 ζειν
369 1259 475 1307 σοι
512 1234 772 1328 καιρός”
815 1242 946 1326 ἔφη
979 1232 1339 1325 “Κόμμοδε
1375 1243 1540 1323 νῦν,
1578 1234 1738 1307 οὐδὲ
1774 1239 1969 1317 θέαις
1996 1240 2109 1306 καὶ

189 1346 452 1432 ἑορταῖς
478 1336 820 1429 σχολάζειν
837 1362 852 1377 ·
899 1344 1223 1409 ἐπίκειται
1262 1340 1391 1431 γάρ
1424 1362 1549 1409 σου
1588 1357 1727 1422 τοῖς
1764 1338 1992 1428 αὐχέσι
2032 1338 2108 1409 τὸ

186 1451 312 1515 τοῦ
336 1450 716 1535 Περεννίον
743 1446 962 1532 ξίφος,
991 1446 1104 1512 καὶ
1133 1449 1195 1513 εἰ
1220 1442 1309 1533 μὴ
1339 1444 1601 1533 φυλάξῃ
1629 1450 1955 1514 κίνδυνον
1982 1441 2107 1513 οὐκ

189 1547 742 1638 ἐπαιωρούμενον
779 1544 927 1616 ἀλλ’
969 1545 1100 1636 ἤδη
1141 1548 1473 1636 παρόντα,
1516 1547 1739 1637 λήσεις
1776 1545 2103 1637 ἀπολόμε-

187 1680 326 1733 νος.
386 1648 585 1732 αὐτός
609 1678 682 1720 τε
714 1648 842 1740 γὰρ
871 1654 1170 1719 ἐνταῦθα
1197 1651 1491 1740 δύναμιν
1528 1653 1639 1720 ἐπὶ
1672 1653 1777 1721 σοὶ
1804 1653 1917 1720 καὶ
1941 1651 2101 1742 χρή-

106 1784 155 1827 15
191 1783 367 1846 ματα
383 1752 704 1846 ἀθροίζει,
723 1759 795 1823 οἵ
816 1781 888 1823 τε
907 1758 1142 1833 παῖδες
1162 1752 1347 1846 αὐτῷ
1364 1752 1488 1844 τὴν
1512 1751 1885 1843 Ἰλλυρικὴν
1904 1774 2103 1845 στρα-

187 1856 344 1929 τιάν
380 1856 890 1927 ἀναπείθουσιν.
997 1862 1059 1925 εἰ
1097 1856 1172 1925 δὲ
1202 1854 1292 1945 μὴ
1331 1856 1641 1945 φθάσεις,
1675 1854 2102 1945 διαφθείρῃ.”

190 1967 402 2032 ταῦτα
429 1961 732 2041 εἰπόντος
759 1957 989 2044 αὐτοῦ,
1013 1970 1145 2029 εἴτε
1170 1954 1306 2029 ὑπό
1332 1986 1511 2039 τινος
1538 1964 1891 2048 δαιμονίου
1907 1959 2106 2047 τύχης
2136 1978 2168 2028 5

193 2068 650 2152 ἐπειχθέντος,
682 2073 814 2133 εἴτε
841 2064 953 2132 καὶ
991 2062 1439 2153 τολμήσαντος
1474 2068 1587 2132 ἵνα
1627 2062 1827 2145 δόξαν
1868 2060 2106 2152 ἄρηται

194 2168 522 2257 πρότερον
547 2165 884 2254 ἄγνωστος
920 2168 1033 2235 καὶ
1073 2164 1323 2255 ἄσημος
1368 2162 1497 2252 ὦν,
1545 2176 1679 2236 εἴτε
1716 2169 2107 2246 ἐλπίσαντος

110 2297 164 2337 2⁰
198 2270 474 2361 ἀμοιβῆς
499 2269 976 2359 μεγαλοδώρου
1011 2270 1367 2353 τεύξεσθαι
1410 2267 1588 2361 παρὰ
1613 2275 1735 2339 τοῦ
1760 2271 2104 2358 βασιλέως,

193 2373 450 2464 ἀφασία
499 2372 620 2443 τὸν
668 2373 1030 2461 Κόμμοδον
1081 2372 1594 2461 καταλαμβάνει.
1695 2375 1807 2442 καὶ
1864 2372 2105 2452 πάντες

195 2475 599 2547 ὑπώπτευον
624 2476 748 2565 μὲν
772 2474 854 2545 τά
879 2478 1236 2563 λεχθέντα,
1278 2475 1620 2546 πιστεύειν
1648 2477 1723 2545 δὲ
1751 2474 1833 2545 οὐ
1860 2496 2101 2567 προσε-

199 2586 532 2651 ποιοῦντο.
589 2579 850 2649 κελεύει
893 2579 968 2648 δὲ
1005 2576 1213 2649 αὐτὸν
1252 2585 1727 2669 συλληφθῆναι
1766 2575 1803 2649 ὃ
1842 2581 2099 2669 Περέν-

198 2712 369 2770 νιος,
405 2678 514 2753 οἷά
537 2711 612 2753 τε
643 2682 978 2772 μεμηνότα
1005 2684 1118 2751 καὶ
1144 2688 1365 2771 ψευδῆ
1392 2684 1669 2769 λέγοντα
1696 2684 1859 2773 πυρὶ
1887 2708 2101 2767 παρα-
2158 2695 2168 2712 “

118 2818 170 2859 25
202 2793 506 2875 δοθῆναι.
563 2783 600 2856 ὃ
627 2786 750 2875 μὲν
779 2784 861 2875 δὴ
889 2782 1171 2875 ἀκαίρου
1189 2793 1566 2877 ’παρρησίας
1592 2785 1907 2873 τοιαύτην
1934 2780 2096 2854 ὑπέ-

201 2913 313 2979 σχε
339 2896 565 2978 δίκην·
632 2895 700 2959 οἱ
723 2890 948 2977 μέντοι
975 2891 1127 2980 περὶ
1152 2886 1271 2959 τὸν
1295 2889 1687 2978 Κόμμοδον,
1715 2885 1857 2957 ὅσοι
1885 2914 1957 2957 τε
1985 2884 2096 2956 εὖ·
2128 2896 2161 2949 6

201 3009 382 3063 νοεῖν
417 2998 976 3083 προσεποιοῦντο,
1012 2994 1125 3061 καὶ
1172 2992 1377 3062 πάλαι
1419 2992 1544 3081 μὲν
1590 2990 1901 3079 ἀπεχθῶς
1938 2987 2100 3080 πρὸς

200 3095 316 3167 τὸν
339 3099 714 3185 Περέννιον
755 3102 1164 3184 διακείμενοι
1194 3093 1437 3186 (βαρὺς
1473 3092 1601 3183 γὰρ
1633 3097 1747 3175 καὶ
1772 3091 2102 3183 ἀφόρητος

202 3192 286 3289 ἦν
309 3196 644 3292 ὑπεροψία
670 3201 781 3268 καὶ
809 3196 1036 3288 ὕβρει)
1064 3198 1212 3267 τότε
1238 3197 1476 3288 καιρὸν
1506 3196 1819 3288 εὔκαιρον
1846 3202 2104 3284 ἔχοντες

123 3334 174 3375 ³⁰
208 3304 590 3392 διαβάλλειν
630 3305 1014 3392 ἐπειρῶντο.
1082 3304 1285 3391 ἐχρῆν
1320 3329 1392 3371 τε
1428 3299 1557 3392 ἀρα
1592 3300 1711 3372 τὸν
1745 3299 2105 3389 Κόμμοδον

203 3406 322 3495 τὴν
346 3402 714 3495 ἐπιβουλὴν
739 3409 1064 3495 ἐκφυᾷιεῖν
1091 3408 1204 3475 καὶ
1241 3402 1359 3474 τὸν
1396 3408 1769 3493 Περέννιον
1806 3401 1934 3474 σὺν
1968 3419 2105 3483 τοῖς

205 3512 388 3581 παισὶ
431 3511 780 3580 διολέσθαι
823 3515 1060 3590 κακῶς.
1167 3500 1385 3597 ἦλθον
1430 3505 1558 3600 γὰρ
1610 3504 1751 3598 μετ’
1810 3504 1893 3577 οὐ
1936 3504 2109 3577 πολὺ
2137 3514 2169 3570 7

285 3642 636 3685 mmomAN.
1771 3621 1809 3681 2
