2475 3859
387 131 504 192 170
1119 129 1553 190 ΕΒΔΟΜΟΝ

383 300 532 394 ᾔδει
559 297 960 391 ἁρμόζοντας
983 305 1064 391 τῇ
1105 302 1353 370 ἑαυτοῦ
1390 299 1647 415 γνωμῃ,
1694 299 2071 388 ἐπελέγετο·
2114 305 2191 371 οἳ
2226 327 2303 370 τε
2398 350 2404 359 ·

384 412 790 496 προεστῶτες
815 411 936 473 τοῦ
963 410 1265 492 ταμιείου
1296 403 1445 476 τότε
1462 456 1482 492 ,
1515 389 1601 473 εί
1638 405 1753 472 καὶ
1790 410 2089 484 σπανίως
2130 433 2301 494 χρη-

383 511 528 579 στοὶ
553 506 1100 597 ἐμπεπτώκεσαν,
1127 506 1249 576 τόν
1273 533 1345 577 τε
1370 512 1697 576 κίνδυνον
1722 511 2071 594 προῦπτον
2100 513 2299 595 ἔχον-

382 639 490 693 τες
517 613 630 681 καὶ
657 608 780 698 τὴν
815 613 1080 679 ἐκείνου
1121 615 1655 699 φιλοχρηματίαν]
1682 608 1961 698 εἰδότες,
2016 637 2301 692 ακοντες

317 730 355 784 3
382 711 559 804 ὅμως
595 711 754 794 τοὺς
791 709 1066 793 λοιποὺς
1105 715 1481 801 ἐμιμοῦντο.
1585 709 1621 782 ὁ
1676 718 1908 782 τοίνυν
1947 711 2121 782 κατὰ
2169 712 2299 802 τὴν
2324 741 2347 780 ι

380 816 648 907 Λιβύην
673 821 1026 905 ἐπίτροπος
1052 831 1190 896 τοῖς
1215 842 1288 884 τε
1316 812 1541 897 ἄλλοις
1567 822 1729 886 πᾶσι
1771 821 2005 904 βιαίως
2040 839 2299 904 προσε-

383 923 654 1010 φέρετο,
699 921 813 989 καὶ
851 925 1249 1000 νεανίσκους
1288 917 1475 999 τινας
1512 925 1649 988 τῶν
1688 915 1846 1007 παρ’
1882 921 2167 1000 ἐκείνοις
2218 911 2298 990 εὖ

381 1023 757 1114 γεγονότων
791 1023 905 1091 καὶ
939 1029 1281 1092 πλουσίων
1317 1026 1705 1102 καταδίκαις
1742 1020 2129 1110 περιβαλών
2160 1029 2299 1092 εἰσ-

381 1126 694 1216 πράττειν
728 1123 810 1195 τὰ
847 1124 1144 1213 χρήματα
1197 1119 1457 1205 εὐθέως
1490 1127 1829 1215 ἐπειρᾶτο,
1858 1124 2193 1218 πατρῴων
2218 1153 2289 1195 τε

333 1268 341 1280 ··
383 1231 496 1299 καὶ
523 1234 946 1318 προγονικῶν
971 1224 1224 1298 οὐσιῶν
1252 1223 1503 1308 αὐτοὺς
1530 1224 1985 1317 ἀφαιρεῖσθαι.
2042 1224 2157 1316 ἐφ’
2190 1223 2287 1309 οἷς
2316 1257 2353 1297 ιο

383 1329 788 1420 ἀλγήσαντες
814 1335 886 1398 οἱ
911 1337 1257 1400 νεανίσκοι
1292 1328 1375 1400 τὰ
1402 1331 1527 1419 μὲν
1559 1329 1857 1420 χρήματα
1892 1327 2075 1424 αὐτῷ
2122 1327 2287 1400 ἄπο-

383 1433 628 1504 δῶσειν
653 1430 1053 1521 ὑπέσχοντο,
1079 1441 1289 1523 τριῶν
1316 1430 1583 1523 ἡμερῶν
1608 1430 1991 1520 αἰτήσαντες
2032 1430 2283 1503 ἀνάθε-

383 1557 495 1608 σιν
512 1561 527 1576 ·
565 1541 992 1625 συνωμοσίαν
1019 1536 1096 1606 δὲ
1120 1537 1585 1626 ποιησάμενοι,
1615 1535 1865 1618 πάντας
1889 1564 1961 1607 τε
1984 1531 2106 1616 οὓς
2132 1533 2289 1628 ᾔδε-

381 1635 572 1730 σανῆ
599 1638 1022 1720 πεπονθότας
1047 1668 1112 1708 τι
1129 1639 1359 1710 δεινὸν
1386 1635 1429 1729 ἢ
1458 1649 1709 1710 παθεῖν
1729 1638 2114 1719 δεδοικότας
2130 1637 2287 1710 ἅνα-

383 1751 760 1832 πείσαντες,
789 1743 1142 1813 κελεύουσι
1169 1742 1435 1832 νύκτωρ
1476 1751 1833 1813 κατελθεῖν
1867 1739 2027 1823 τοὺς
2054 1745 2131 1811 ἐκ
2158 1749 2287 1812 τῶν
2312 1770 2349 1811 1⁵

321 1869 358 1924 4
389 1845 616 1937 ἀγρῶν
646 1849 934 1934 οἰκέτας,
962 1845 1128 1928 ξύλα
1153 1873 1224 1916 τε
1253 1849 1367 1916 καὶ
1394 1847 1693 1926 πελέκεις
1720 1847 2186 1935 ἐπιφέρεσθαι.
2232 1853 2295 1916 οἳ

385 1952 464 2022 δὲ
501 1953 891 2030 πεισθέντες
929 1949 1281 2020 κελεύουσι
1319 1964 1458 2030 τοῖς
1494 1947 1845 2029 δεσπόταις
1882 1945 2013 2036 πρὸ
2055 1955 2175 2036 τῆς
2210 1951 2291 2018 ἕω

383 2061 734 2144 συνῆλθον
753 2056 820 2134 ἐς
846 2050 970 2140 τὴν
988 2053 1218 2141 πόλιν,
1246 2052 1657 2143 κρύπτοντες
1682 2047 1815 2122 ὑπὸ
1844 2066 1984 2132 ταῖς
2010 2053 2290 2140 ἐσθῆσιν

385 2153 429 2226 ἃ
455 2164 702 2246 ἔφερον
729 2153 1167 2243 αὐτοσχεδίου
1193 2157 1487 2244 πολέμου
1514 2150 1707 2224 ὅπλα.
1736 2157 1903 2243 μέγα
1928 2157 2009 2224 δέ
2033 2183 2097 2224 τι
2122 2161 2291 2242 πλῆ-

384 2270 510 2340 θος
535 2257 878 2349 ἠθροίσθη
895 2281 910 2296 ·
950 2258 1152 2347 φύσει
1179 2257 1307 2347 γὰρ
1334 2257 1870 2346 πολυάνθρωπος
1908 2249 2077 2327 οὖσα
2102 2253 2147 2346 ἡ
2168 2267 2289 2327 Λι-
2308 2283 2355 2322 m

324 2383 358 2435 5
390 2361 522 2452 βύη
550 2360 839 2442 πολλοὺς
875 2359 1006 2448 εἶχε
1033 2359 1190 2442 τοὺς
1215 2357 1339 2450 τὴν
1365 2367 1495 2450 γῆν
1520 2367 2003 2450 γεωργοῦντας.
2056 2357 2194 2449 ἅμα
2218 2361 2289 2430 δὲ

383 2470 476 2557 τῷ
503 2469 965 2553 παραδραμεῖν
992 2461 1066 2533 τὸ
1095 2470 1509 2554 περίορθρον
1546 2463 1991 2552 προελθόντες
2028 2467 2101 2532 οἱ
2134 2491 2287 2533 νεα-

383 2574 604 2638 νίσκοι
629 2565 702 2636 τὸ
733 2564 858 2654 μὲν
895 2573 1154 2655 πλῆθος
1178 2574 1314 2637 τῶν
1340 2573 1619 2637 οἰκετῶν
1644 2565 2041 2637 κελεύουσιν
2068 2562 2289 2645 αὐτοῖς

383 2675 667 2744 ἕπεσθαι
711 2665 1032 2751 οἱς-ὄντας
1070 2672 1271 2758 μέρος
1309 2677 1429 2740 τοῦ
1466 2675 1707 2740 λοιποῦ
1736 2666 1971 2758 ὄχλου,
2004 2669 2289 2758 προστά-

385 2778 612 2858 ξαντες
651 2770 800 2844 τότε
839 2769 1337 2844 ἀποκαλύπτειν
1374 2769 1419 2844 ἃ
1456 2779 1705 2862 ἔφερον
1748 2769 1923 2842 ὅπλα
1966 2773 2079 2842 καὶ
2128 2801 2285 2860 γεν-
2314 2795 2359 2837 κ

383 2885 591 2960 ναίως
616 2874 1024 2947 ἀνθεστάναι
1040 2929 1058 2964 ,
1091 2886 1160 2946 εἴ
1183 2905 1357 2959 τινες
1396 2871 1441 2966 ἦ
1464 2881 1889 2963 στρατιωτῶν
1914 2869 1956 2963 ἦ
1988 2880 2289 2964 δημοτῶν

322 2999 357 3054 6
385 2978 610 3060 αὐτοῖς
637 2984 890 3050 ἐπίοιεν
915 2985 1169 3050 ἔκδικοι
1194 2988 1317 3050 τοῦ
1341 2979 1795 3069 γενησομένου
1838 2985 2040 3066 ἔργου
2057 2999 2071 3012 ·
2102 2973 2287 3047 αὐτοὶ

384 3083 462 3153 δὲ
489 3083 806 3173 λαβόντες
847 3087 1208 3172 ἐγχειρίδια
1248 3079 1625 3153 ὑποκόλπια
1662 3088 1971 3170 προσίασι
2016 3087 2108 3173 τῷ
2147 3085 2289 3150 ἐπι-
2408 3113 2410 3116 ⁴

382 3185 605 3277 τρόπω
633 3183 722 3266 ῶς
747 3182 832 3274 δὴ
861 3187 1016 3274 περὶ
1041 3192 1154 3273 τῆς
1181 3182 1563 3266 ἀποδόσεως
1590 3192 1725 3254 τῶν
1766 3183 2116 3273 χρημάτων
2142 3187 2287 3252 δια-

381 3286 752 3376 λεξόμενοι,
809 3286 1299 3375 προσπεσόντες
1348 3315 1421 3358 τε
1473 3293 1831 3377 αἰφνιδίως
1874 3284 1957 3356 ού
1998 3290 2281 3374 προσδο-
2312 3316 2361 3358 ³⁰

383 3395 605 3458 κῶντα
669 3395 1025 3470 παίσαντες
1077 3389 1468 3477 φονεύουσι.
1560 3397 1697 3460 τῶν
1751 3390 1827 3460 δὲ
1878 3391 2034 3479 περὶ
2084 3384 2285 3458 αὐτὸν

384 3497 804 3576 στρατιωτῶν
829 3490 1327 3579 γυμνωσάντων
1352 3489 1433 3562 τὰ
1458 3495 1619 3582 ξίφη
1662 3499 1757 3588 τῷ
1784 3520 1857 3562 τε
1884 3491 2075 3585 φόνῳ
2102 3494 2283 3575 ἐπεξ-
