2475 3859
914 138 1263 199 οΓΛοοΝ
1358 91 1361 94 ⁴
1914 139 2041 201 ‘205

127 307 545 400 ἀμυνοῦντες
587 305 842 398 αύτοϊς,
898 308 1230 398 μαθόντες
1271 314 1343 380 οἱ
1370 313 1847 400 πραιτωριανοὶ
1880 309 2044 400 ἀφι-

125 413 546 502 κνουμένους
571 411 984 502 φονεύουσιν
1021 407 1152 502 ἤδη
1179 419 1317 482 πᾶν
1345 410 1421 483 τὰ
1446 419 1636 503 σῶμα
1663 419 2043 504 λελωβημέ-

125 543 294 597 νους
320 513 476 596 τοὺς
502 517 830 604 βασιλέας.
886 517 1000 586 καὶ
1028 515 1501 597 καταλιπόντες
1528 513 1608 586 τὰ
1632 515 1903 606 σώματα
1929 522 2044 606 ἐρ·-

126 621 417 708 ριμμένα
444 620 554 688 ἐπὶ
591 625 707 706 τῆς
738 619 1128 708 λεωφόρου,
1155 615 1477 708 ἀράμενοι
1504 619 1580 689 δὲ
1606 617 1726 690 τὸν
1751 626 2045 711 Γορὸια-

78 761 102 802 ⁵
125 720 254 793 νὸν
279 727 590 811 Καίσαρα
615 717 811 809 ὄντα,
841 719 1302 812 αὐτοκράτορά
1339 749 1411 791 τε
1450 717 2041 812 ἀναγορεύσαντες,

124 821 362 913 ἐπειδὴ
399 822 567 912 πρὸς
607 822 683 894 τὸ
711 822 932 914 παρὸν
960 821 1166 894 ἄλλον
1193 820 1321 912 οὐχ
1364 813 1601 916 εὖρον,
1642 829 1929 914 βοῶντές
1972 855 2043 896 τε

124 926 298 1016 πρὸς
321 923 442 997 τὸν
468 932 682 1017 δῆμον
707 923 810 998 ὅτι
835 925 966 1014 ἄρα
986 937 1218 1017 εἴησαν
1246 923 1682 1010 ἀπεκτονότες
1708 925 1826 1010 οὓς
1851 925 1888 1000 ὁ
1918 935 2045 1018 δῆ-

123 1059 248 1118 μος
275 1033 352 1101 ἐν
383 1026 552 1121 ἀρχῇ
584 1026 710 1100 οὐκ
735 1029 1047 1120 ἐβούλετο
1075 1027 1289 1120 ἄρξαι,
1316 1030 1691 1118 Γορὸιανόν
1716 1059 1788 1101 τε
1815 1035 2045 1102 ἐπελέ-

125 1139 326 1217 ξαντο
352 1135 619 1208 ἐκείνου
645 1160 716 1204 τε
743 1131 1084 1222 ἀπόγονον
1107 1136 1221 1204 καὶ
1241 1129 1322 1204 ὃν
1348 1129 1543 1204 αὐτοὶ
1574 1131 1877 1224 Ῥωμαῖοι
1903 1137 2043 1218 ἐξε-

58 1273 97 1314 1⁰
131 1237 489 1326 βιάσαντο,
517 1242 778 1324 ἔχοντες
805 1233 1016 1308 αὐτὸν
1043 1233 1453 1318 ἀπελθόντες
1485 1239 1553 1318 ἐς
1578 1235 1653 1308 τὸ
1679 1240 2045 1325 στρατόπε-

130 1343 292 1426 δον,
321 1345 836 1428 συγκλείσαντες
866 1338 984 1422 τὰς
1011 1339 1225 1422 πύλας
1252 1337 1597 1429 ἡσύχαζον.
1672 1345 1741 1410 οἱ
1770 1341 1845 1410 δὲ
1870 1349 2044 1428 Γερ-

127 1443 334 1532 μανοὶ
373 1441 706 1530 μαθόντες
743 1438 1202 1532 ἀνῃρημένους
1227 1469 1301 1513 τε
1327 1443 1441 1512 καὶ
1466 1445 1906 1534 ἐρριμμένους
1948 1437 2047 1515 οἷν

126 1547 328 1634 χάριν
355 1542 714 1633 ἠπείγοντο
730 1597 751 1632 ,
779 1542 902 1634 οὐχ
929 1545 1230 1633 ἑλόμενοι
1255 1543 1547 1633 πόλεμον
1573 1545 1855 1636 μάταιον
1872 1545 2045 1636 ὑπὲρ

125 1649 407 1737 ἀνδρῶν
432 1647 890 1736 τεθνηκότων,
932 1651 1320 1737 ἐπανῆλθον
1345 1649 1413 1730 ἐς
1446 1645 1523 1718 τὸ
1550 1649 1811 1720 ἑαυτῶν
1840 1679 2047 1720 κατα-

59 1783 96 1822 15
129 1752 404 1841 γώγιον.

335 1855 508 1924 τέλει
534 1851 658 1943 μὲν
683 1850 768 1941 δὴ
793 1850 1076 1946 τοιούτῳ
1117 1851 1477 1942 ἐχρήσαντο
1514 1850 1763 1945 avagia»
1801 1879 1873 1922 τε
1910 1881 2043 1940 αμα
2066 1864 2115 1963 8

127 1961 242 2029 καὶ
273 1953 526 2050 ἀνοσίω
554 1957 786 2046 σεμνοὶ
812 1956 927 2024 καὶ
954 1955 1162 2045 λόγου
1189 1951 1363 2039 αξιοι
1403 1962 1805 2048 πρεσβῦται,
1847 1952 2043 2044 εὐγε-
2195 1946 2201 1956 ’

128 2079 272 2142 νεῑς
302 2086 375 2130 τε
402 2061 515 2130 καὶ
539 2054 686 2130 κατ’
717 2053 910 2142 ἀξίαν
951 2060 1062 2128 ἐπὶ
1101 2086 1226 2147 την
1270 2053 1482 2147 ἀρχην
1520 2058 1948 2148 ἐληλυθότες·
2006 2087 2043 2128 ο

131 2166 208 2235 δὲ
234 2161 608 2253 Γορδιανὸς
636 2164 792 2248 περὶ
830 2169 942 2251 ἔτη
972 2188 1106 2232 που
1145 2187 1440 2249 γεγονως
1468 2167 1892 2251 τρισκαίδεκα
1918 2159 2047 2229 αὐ-

57 2301 102 2342 20
133 2265 480 2358 τοκράτωρ
506 2293 578 2337 τε
609 2261 968 2354 ἀνεδείχθη
997 2267 1109 2334 καὶ
1133 2262 1260 2353 τὴν
1281 2260 1619 2356 Ῥωμαίων
1644 2261 1855 2356 ἀρχὴν
1886 2261 2046 2336 ἆνε-

132 2374 386 2456 δέξατο.
