2475 3859
427 165 544 229 138
724 124 732 129 ’
1163 170 1611 231 ΠΕΜΠΤΟΝ

423 330 551 409 οὐν
577 336 792 429 αὐτὴν
823 335 1172 429 Οὐρανίαν
1197 348 1508 430 καλοῦσι,
1540 348 1849 421 Φοίνικες
1874 340 1949 410 δὲ
1977 336 2340 429 Ἀστροάρ-

362 466 396 518 5
426 471 552 533 χην
587 441 979 532 ὀνομάζουσι
997 496 1015 531 ,
1055 444 1343 534 σελήνην
1392 444 1563 515 εἶναι
1606 446 1938 524 θέλοντες.
2026 440 2340 531 ἁρμόζειν

419 554 658 617 τοίνυν
683 550 899 635 λέγων
935 543 972 616 ὁ
1011 544 1405 630 Ἀντωνῖνος
1434 548 1649 637 γάμον
1674 544 1873 636 ἡλίου
1913 548 2026 615 καὶ
2052 546 2335 634 σελήνης

420 649 496 719 τό
547 678 619 719 τε
665 646 926 738 ἄγαλμα
967 653 1424 739 μετεπέμψατο
1469 648 1583 721 καὶ
1638 650 1853 720 πάντα
1894 648 2015 719 τὸν
2066 652 2336 719 ἐκεῖθεν

419 752 704 843 χρυσόν,
735 752 1032 841 χρήματά
1057 782 1128 823 τε
1154 754 1571 841 πάμπλειστα
1612 752 1739 843 τὴν
1778 752 1947 823 θεὸν
1982 756 2051 835 ἐς
2087 768 2335 842 προῖκα
2360 775 2379 813 5

419 853 504 943 δὴ
535 858 886 925 ἐπιδοῦναι
923 859 1252 927 ἐκέλευσε.
1310 860 1636 946 κομισθέν
1668 884 1739 927 τε
1764 854 1839 926 τὸ
1876 852 2145 945 ἄγαλμα
2170 877 2337 925 συν-

323 986 326 991 ·
421 956 622 1052 φ’κισε
660 957 746 1047 δὴ
783 966 876 1052 τῷ
915 966 1057 1053 θεῷ
1073 1014 1091 1047 ,
1128 961 1447 1043 κελεύσας
1486 961 1737 1041 πάντας
1774 958 1931 1040 τοὺς
1968 958 2141 1029 κατὰ
2184 954 2337 1028 Ῥώ-

419 1090 554 1152 μην
595 1064 710 1131 καὶ
741 1058 1020 1132 Ἰταλίαν
1059 1060 1466 1154 ἀνθρώπους
1512 1064 1841 1147 ἑορτάζειν
1880 1067 2337 1142 παντοδαπαῖς

421 1194 492 1235 τε
523 1162 978 1254 εὐφροσύναις
1007 1168 1120 1235 καὶ
1157 1162 1467 1255 εὐωχίαις
1493 1174 1785 1259 χρῆσθαι
1812 1172 2096 1259 δημοσία
2122 1168 2334 1235 τεκαὶ
2411 1168 2412 1237 ἶ

425 1274 564 1361 ἰδίᾳ
593 1265 682 1348 ὡς
711 1267 794 1356 δή
824 1270 1220 1358 γαμούντων
1248 1276 1454 1341 θεῶν.
2360 1274 2412 1347 ’θῖ

360 1394 395 1448 6
627 1373 1072 1441 κατεσκεύασε
1099 1373 1176 1443 δὲ
1201 1376 1314 1443 καὶ
1342 1377 1417 1443 ἐν
1444 1379 1536 1466 τῷ
1563 1378 1933 1465 προαστείῳ
1944 1369 2121 1442 νεῶν
2144 1374 2330 1461 μέγι-

421 1473 584 1544 στόν
609 1502 680 1545 τε
705 1476 814 1544 καὶ
846 1478 1441 1565 πολυτελέστατον,
1483 1480 1551 1557 ἐς
1578 1472 1661 1547 ὃν
1687 1476 1967 1546 ἑκάστου
1994 1482 2189 1556 ἔτους
2212 1504 2330 1545 κα-
2411 1548 2412 1555 ¹

421 1584 582 1667 τῆγε
619 1573 740 1647 τὸν
781 1576 952 1649 θεὸν
999 1575 1400 1669 ἀκμάζοντος
1450 1581 1716 1667 θέρους.
1798 1578 2211 1668 πανηγύρεις
2264 1605 2329 1646 τε
2410 1594 2412 1617 ¹

423 1679 848 1763 παντοδαπὰς
875 1683 1264 1771 συνεκρότει
1280 1736 1299 1771 ,
1329 1682 1783 1772 ἱπποδρόμους
1810 1710 1882 1751 τε
1920 1682 2328 1752 κατασκευά-
2410 1718 2412 1727 1

421 1806 541 1865 σας
565 1787 678 1855 καὶ
705 1786 992 1874 θέατρα,
1021 1786 1134 1856 διά
1161 1814 1232 1857 τε
1260 1783 1589 1875 ἡνιοχείας
1623 1787 1736 1855 καὶ
1776 1786 2045 1855 πάντων
2070 1784 2329 1874 θεαμά-
2358 1804 2389 1845 ¹5

423 1915 562 1957 των
601 1916 672 1957 τε
709 1889 825 1957 καὶ
865 1884 1305 1978 ἀκροαμάτων
1348 1895 1681 1959 πλείστων
1718 1886 2189 1977 εὐωχούμενον
2222 1887 2331 1957 τὸν

424 1998 640 2081 δῆμον
691 1993 804 2061 καὶ
857 2001 1343 2079 παννυχίζοντα
1390 1988 1788 2081 εὐφραίνειν
1834 1989 2019 2086 ᾤετο.
2096 1990 2221 2061 τόν
2269 2018 2331 2058 τε
2410 2014 2412 2027 ¹

423 2093 594 2165 θεὸν
631 2090 844 2163 αὐτὸν
882 2095 1236 2184 ἐπιστήσας
1278 2093 1521 2186 ἅρματι
1562 2102 1789 2189 χρυσῷ
1838 2122 1911 2165 τε
1960 2096 2072 2164 καὶ
2116 2101 2333 2173 λίθοις

427 2195 840 2285 τιμιωτάτοις
881 2203 1369 2292 πεποικιλμένῳ
1412 2205 1699 2287 κατῆγεν
1750 2195 1881 2268 ἀπὸ
1931 2204 2045 2286 τῆς
2082 2197 2333 2277 πόλεως

363 2312 398 2369 7
429 2300 536 2369 ἐπὶ
563 2295 638 2367 τὸ
665 2299 1077 2389 προάστειον.
1181 2299 1257 2372 τὸ
1288 2302 1363 2372 δὲ
1402 2297 1577 2392 ἅρμα
1610 2292 1774 2391 ἦγεν
1808 2301 2177 2388 ἑξάπωλον,
2223 2306 2329 2369 ἴπ-
2354 2312 2393 2351 ³⁰

425 2426 575 2471 πων
598 2408 864 2471 λευκῶν
892 2411 1226 2492 μεγίστων
1250 2431 1322 2474 τε
1348 2406 1461 2474 καὶ
1496 2400 1817 2491 ἀσπίλων,
1851 2410 2077 2497 χρυσῷ
2112 2410 2330 2494 πολλῷ

425 2506 541 2574 καὶ
568 2504 893 2594 φαλάροις
925 2512 1251 2588 ποικίλοις
1291 2511 1835 2597 κεκοσμημένων,
1878 2505 1993 2588 τάς
2032 2534 2105 2576 τε
2144 2502 2332 2595 ἡνίας

427 2621 757 2695 κατεῖχεν·
789 2604 1056 2678 οὐδέπω
1088 2610 1165 2679 δὲ
1189 2617 1312 2679 τοῦ
1340 2606 1627 2701 ἅρματος
1668 2608 2029 2701 ἅνθρωπος
2066 2612 2333 2697 ἐπέβαι-

425 2739 578 2799 νεν,
607 2707 792 2804 αὐτῷ
820 2710 895 2780 δὲ
925 2714 1335 2802 περιέκειντο
1375 2710 1465 2795 ὥς
1505 2709 1887 2803 ἡνιοχοῦντι
1926 2710 2009 2801 δὴ
2048 2720 2143 2804 τῷ
2172 2717 2332 2805 θεῷ.

425 2812 462 2885 ὅ
490 2810 558 2884 δ’
597 2810 990 2897 Ἀντωνῖνος
1018 2822 1172 2886 ἔθεε
1201 2815 1331 2905 πρὸ
1358 2823 1481 2885 τοῦ
1508 2813 1796 2905 ἅρματος
1823 2812 2246 2901 ἀναποδίζων
2270 2819 2331 2894 ἐς
2358 2836 2397 2877 ‘³⁵

425 2914 756 3006 τούπίσω,
787 2924 856 2999 ἔς
884 2946 956 2987 τε
1001 2918 1120 2990 τὸν
1158 2918 1330 2990 θεὸν
1370 2916 1771 3008 ἀποβλέπων
1809 2920 1922 2989 καὶ
1960 2915 2119 3000 τοὺς
2153 2926 2336 3007 χαλι-

425 3017 590 3101 νοὺς
629 3017 926 3109 ἀντέχων
964 3029 1100 3092 τῶν
1141 3028 1399 3093 ἵππων·
1444 3021 1668 3092 πᾶσάν
1711 3050 1783 3092 τε
1823 3019 1947 3110 τὴν
1976 3017 2143 3091 ὁδὸν
2176 3018 2334 3110 ἤνυε

425 3125 680 3213 τρέχων
709 3131 994 3213 ἔμπαλιν
1023 3128 1267 3195 ἑαυτοῦ
1295 3122 1573 3215 ἀφορῶν
1598 3153 1669 3195 τε
1698 3128 1763 3207 ἐς
1788 3123 1861 3194 τὸ
1890 3124 2195 3212 πρόσθεν
2221 3128 2334 3193 τοῦ
2411 3188 2412 3191 ,

365 3238 403 3293 8
428 3232 624 3296 θεοῦ.
705 3226 872 3315 πρός
897 3254 967 3297 τε
993 3224 1068 3296 τὸ
1095 3226 1184 3315 μὴ
1214 3243 1481 3297 πταῖσαι
1512 3224 1725 3299 αὐτὸν
1762 3222 1804 3317 ἦ
1832 3233 2333 3312 διολισθαίνειν,
2411 3296 2412 3299 ,

427 3324 552 3415 οὐχ
595 3323 858 3416 ὁρῶντα
887 3325 1070 3425 ,ὅπου
1111 3336 1365 3417 βαίνει,
1410 3336 1495 3419 γῆ
1535 3356 1604 3399 τε
1645 3328 1686 3419 ἡ
1724 3336 2125 3421 χρυσίζουσα
2162 3356 2333 3416 παμ-
2358 3342 2413 3431 ³⁰⁴

429 3435 702 3516 πλείστη
731 3426 1144 3519 ὑπέστρωτο,
1174 3434 1246 3499 οἵ
1278 3458 1351 3500 τε
1384 3440 1895 3521 προασπίζοντες
1922 3434 2337 3522 ἑκατέρωθεν

429 3527 766 3618 ἀντεῖχον,
807 3537 922 3618 τῆς
965 3528 1329 3619 ἀσφαλείας
1368 3540 1489 3603 τοῦ
1528 3535 1836 3618 τοιούτου
1882 3534 2137 3624 δρόμου
2180 3561 2338 3623 προ-
2410 3562 2412 3615 j
