2475 3859
476 132 554 193 74
1278 130 1587 191 ΤΡΙΤΟΝ

473 309 595 373 τοῦ
635 303 977 392 συνήθους
1013 300 1271 390 δρόμου
1314 302 1429 372 καὶ
1468 306 1593 371 τοῦ
1632 300 1953 390 ἐρύματος
1993 300 2371 389 ἐπισχόντος

472 403 546 476 τὸ
576 408 853 497 ῥεῖθρον
893 403 1101 485 πολὺς
1139 408 1248 473 καὶ
1279 411 1495 492 βίαιος
1535 404 1925 493 γενόμενος,
1969 411 2085 493 τῆς
2122 432 2199 474 τε
2240 404 2373 494 φύ-

473 532 639 589 σεως
671 508 960 595 νικώσης
989 505 1112 594 τὴν
1143 508 1383 595 τέχνην
1415 505 1505 596 μὴ
1546 510 1929 599 δυναμένου
1962 515 2083 577 τοῦ
2118 515 2375 595 τείχους

473 609 772 699 ἀντέχειν
798 617 890 703 τῷ
917 609 1226 699 ῥεύματι,
1274 613 1575 699 διέστησε
1616 617 1707 703 τῷ
1746 606 1943 681 ὕδατι
1970 607 2113 680 κατ’
2147 608 2376 699 ὀλίγον

474 713 685 787 αὐτοῦ
724 712 840 795 τὰς
871 709 1198 802 ἆρμογάς,
1254 714 1444 799 <ἕστε
1493 711 1620 802 δὴ)
1664 710 2202 801 ὑποχωρούντων
2244 722 2376 783 τῶν
2397 741 2417 778 ³

473 825 812 906 θεμελίων
837 824 928 909 τῷ
955 821 1208 908 ῥείθρῳ
1230 812 1345 885 ἅτε
1372 814 1486 887 διὰ
1500 822 1800 904 σπουδῆς
1826 819 1939 886 καὶ
1964 813 2050 887 οὗ
2065 813 2211 905 μετ’
2236 821 2376 887 ἐπι-

475 927 742 1010 μελείας
767 922 1453 991 κατασκευασθέντων
1478 926 1614 991 πᾶν
1642 916 1847 1007 σ’όφθη
1863 972 1881 1008 ,
1925 918 2045 991 τὸν
2071 918 2143 989 δὲ
2170 918 2376 991 τόπον

414 1039 452 1093 8
481 1022 744 1107 ἀνοίξας
781 1020 817 1094 ὁ
857 1024 1257 1112 χειμάρρους
1305 1019 1741 1111 ὡδοποίησεν.
1806 1019 1971 1112 ὅπερ
2020 1022 2279 1104 ἰδόντες
2320 1027 2383 1092 οἱ

479 1130 588 1201 ἐπὶ
629 1135 750 1197 τοῦ
787 1125 1108 1215 ἐρύματος
1150 1126 1480 1215 φύλακες,
1526 1127 1943 1214 φοβηθέντες
1980 1125 2069 1215 μὴ
2112 1134 2379 1196 κυκλω-

478 1242 670 1301 θεῖεν
725 1230 1299 1319 ἐκπεριελθόντων
1348 1225 1595 1309 αὐτοὺς
1640 1236 1776 1299 τῶν
1832 1236 2167 1318 πολεμίων
2220 1227 2379 1318 μετὰ
2408 1254 2445 1292 ιο

478 1331 601 1421 τὴν
638 1340 761 1401 τοῦ
804 1333 1166 1422 χειμάρρου
1201 1329 1569 1422 ἀπόρροιαν
1606 1333 1839 1421 μηκέτι
1874 1330 2063 1413 ὄντος
2098 1341 2219 1403 τοῦ
2248 1361 2379 1403 κω-

479 1435 786 1521 λύοντος,
845 1435 1316 1517 καταλιπόντες
1352 1434 1477 1523 τὴν
1532 1434 1843 1524 φρουρὰν
1888 1434 2279 1525 φεύγουσιν.
2344 1432 2379 1503 ὁ

479 1540 554 1609 δὲ
581 1544 702 1609 τοῦ
731 1539 1042 1630 Σεεήρου
1068 1535 1345 1629 στρατὸς
1369 1535 1605 1628 ἡσθεὶς
1630 1545 1724 1631 τῷ
1756 1541 2127 1632 γενομένῳ,
2168 1538 2287 1618 τάς
2310 1566 2379 1607 τε

476 1638 694 1729 ψυχὰς
746 1644 1188 1731 ἐπιρρωσθεὶς
1229 1638 1319 1723 ὦς
1380 1649 1665 1734 προνοίᾳ
1710 1650 1868 1734 θείᾳ
1912 1638 2377 1730 ὁδηγούμενος,

477 1746 705 1825 συνεὶς
732 1746 808 1814 δὲ
833 1742 1371 1833 ἄποδεδρακότας
1406 1742 1565 1825 τοὺς
1594 1745 1928 1833 φύλακας,
1980 1742 2285 1833 εὐμαρῶς
2312 1771 2377 1813 τε
2406 1762 2443 1803 ¹⁵

476 1849 592 1918 καὶ
619 1844 976 1929 ἀκωλύτως
1003 1847 1241 1936 διαβὰς
1268 1846 1387 1919 τὸν
1422 1854 1687 1937 Ταῦρον
1716 1849 1825 1919 ἐπὶ
1848 1855 2161 1919 Κιλικίαν
2184 1844 2380 1936 ἠπεί-

482 1978 654 2040 γετο.

423 2061 462 2119 4
505 2074 509 2079 ·
683 2050 720 2123 ὁ
747 2054 821 2123 δὲ
849 2061 1106 2142 Νίγρος
1129 2051 1375 2141 μαθών
1400 2050 1481 2122 τὰ
1506 2053 1872 2142 συμβάντα,
1900 2052 2155 2142 πολλὴν
2180 2076 2383 2143 στρα-

479 2155 630 2227 τιὰν
657 2153 982 2243 ἀθροίσας
999 2207 1020 2242 ,
1049 2154 1224 2243 πλὴν
1254 2152 1535 2244 ἄπειρον
1560 2157 1767 2245 μάχης
1794 2158 1906 2227 καὶ
1932 2157 2192 2246 πόνων,
2222 2155 2383 2246 μετὰ

481 2263 780 2345 σπουδῆς
817 2255 941 2345 τὴν
973 2266 1255 2345 πορείαν
1296 2260 1612 2329 ἐποιεῖτο·
1668 2256 1843 2330 πολὺ
1872 2260 1997 2349 γάρ
2026 2288 2089 2331 τι
2126 2267 2384 2348 πλῆθος
2408 2284 2449 2325 κ

481 2361 594 2429 καὶ
619 2362 863 2448 σχεδὸν
889 2367 1066 2429 πᾶσα
1105 2356 1147 2449 ἡ
1187 2366 1455 2431 νεολαία
1494 2369 1629 2432 τῶν
1663 2358 2052 2451 Ἀντιοχέων
2090 2366 2157 2443 ἐς
2182 2384 2385 2453 στρα-

481 2467 668 2532 τείαν
695 2465 808 2532 καὶ
837 2460 956 2531 τὸν
983 2458 1152 2553 ὑπὲρ
1195 2460 1406 2534 αὐτοῦ
1433 2470 1759 2536 κίνδυνον
1788 2468 2122 2535 ἐπέδωκεν
2154 2463 2381 2554 αὑτήν.

481 2562 557 2635 τὸ
600 2565 726 2654 μὲν
771 2555 899 2635 οὖν
949 2565 1307 2655 πρόθυμον
1344 2575 1465 2637 τοῦ
1506 2575 1792 2659 στρατοῦ
1844 2565 2141 2659 ὑπῆρχεν
2180 2565 2383 2660 αὐτῷ,

481 2675 604 2739 τοῦ
644 2668 721 2737 δὲ
770 2672 1088 2760 ἐμπείρου
1138 2673 1254 2742 καὶ
1295 2679 1612 2760 γενναίου
1656 2670 1829 2741 πολὺ
1868 2679 2003 2741 τῶν
2046 2669 2385 2760 Ἰλλυριῶν

422 2793 456 2846 2
481 2768 864 2842 ἀπέλειπον.
931 2775 1323 2864 συνέρχεται
1364 2774 1449 2863 δὴ
1478 2776 1896 2863 ἑκατέρωθεν
1932 2771 1969 2843 ὅ
2010 2772 2291 2862 στρατὸς
2324 2777 2385 2857 ἐς
2410 2796 2450 2839 w·

478 2873 556 2946 τὸ
583 2874 752 2945 κατὰ
779 2872 900 2945 τὸν
919 2872 1200 2948 Ἰσσικὸν
1226 2878 1645 2965 καλούμενον
1676 2877 1927 2949 κόλπον
1952 2884 2191 2949 πεδίον
2218 2886 2383 2949 πλα-

483 2978 769 3049 τύτατόν
795 3006 866 3047 τε
891 2981 1006 3049 καὶ
1032 2982 1579 3069 ἐπιμηκέστατον,
1624 2971 1677 3071 ᾦ
1704 2987 2071 3069 περίκειται
2108 2980 2237 3069 μὲν
2275 2979 2384 3051 λό-

482 3108 612 3170 φος
651 3083 717 3161 ἐς
759 3081 1054 3169 θεάτρου
1103 3090 1353 3171 σχῆμα,
1408 3081 1707 3171 αἰγιαλὸς
1758 3082 1835 3153 δὲ
1888 3084 1997 3153 ἐπὶ
2046 3082 2383 3171 θαλάσσης
2444 3152 2446 3163 ,

482 3186 786 3271 μέγιστος
813 3188 1208 3269 ἐκτείνεται,
1254 3180 1477 3273 ὥσπερ
1512 3192 1627 3272 τῆς
1654 3184 1921 3272 φύσεως
1960 3188 2383 3274 εἰργασμένης
2444 3262 2446 3282 Ι

423 3304 459 3359 3
486 3285 762 3353 στάδιον
803 3285 1028 3373 μάχης.
1097 3288 1238 3355 ἐκεῖ
1276 3288 1441 3372 φασὶ
1489 3288 1603 3355 καὶ
1639 3296 1939 3375 Δαρεῖον
1977 3284 2380 3380 Ἀλεξάνδρῳ
2404 3312 2444 3353 ει

487 3384 612 3471 τὴν
648 3382 940 3473 ὑστάτην
977 3388 1092 3455 καὶ
1128 3392 1445 3475 μεγίστην
1476 3387 1691 3475 μάχην
1731 3389 2159 3477 συμβαλόντα
2190 3386 2382 3479 ἡττη-

486 3493 702 3572 θῆναί
721 3514 792 3557 τε
819 3490 934 3559 καὶ
971 3485 1257 3577 ἁλῶναι,
1300 3494 1437 3559 τῶν
1460 3485 1592 3559 άπὸ
1629 3497 1765 3559 τῶν
1808 3487 2129 3587 ἀρκτῴων
2164 3499 2382 3583 μερῶν
2442 3484 2444 3513 '
