2475 3859
551 125 670 187 128
1270 126 1714 189 ΠΕΜΠΤΟΝ

472 318 514 373 ’3
547 308 834 371 σίλευσε.
937 304 1257 371 τοσοῦτον
1317 300 1393 371 δὲ
1440 295 1734 389 ἥμαρτεν
1788 295 1951 371 ὅσον
1994 296 2083 387 μὴ
2131 300 2445 369 διέλυσεν

533 401 802 498 ,εὐθέως
845 403 926 473 τὰ
969 402 1380 492 στρατόπεδα
1426 405 1540 472 καὶ
1579 402 1895 484 ἑκάστους
1940 406 2007 485 ἐς
2052 401 2131 473 τὰ
2184 404 2444 473 ἑαυτῶν

541 505 962 596 ἀπέπεμψεν,
993 502 1193 588 αὐτός
1217 534 1289 577 τε
1327 510 1393 587 ἐς
1430 504 1553 594 τὴν
1580 502 1833 596 Ῥώμην
1869 514 2219 578 ποθοῦσαν
2246 502 2443 593 ἠπεί-

540 622 706 699 χθη,
733 617 854 679 τοῦ
888 611 1102 698 δήμου
1130 609 1437 681 ἑκάστοτε
1473 617 1838 689 καλοῦντος
1879 606 2193 698 μεγάλαις
2230 614 2440 695 βοαῖς,

542 719 616 783 ἐν
643 713 718 783 δὲ
747 719 827 803 τῇ
862 710 1225 803 Ἀντιοχείᾳ
1252 715 1541 802 διέτριβε
1568 712 1829 799 γένειόν
1855 739 1927 782 τε
1954 711 2209 799 ἀσκῶν,
2239 716 2439 799 βαδί-
2466 742 2475 780 ε

541 826 672 900 ζων
699 844 768 885 τε
795 819 1001 885 πλέον
1019 822 1140 886 τοῦ
1161 818 1433 897 δέοντος
1452 810 1808 904 ήρεμαίως,
1835 814 2217 905 βραδύτατά
2232 841 2305 883 τε
2332 816 2443 884 καὶ

540 919 729 1008 μόλις
761 934 896 999 τοῖς
923 926 1317 1009 προσιοῦσιν
1344 916 1865 1011 ἀποκρινόμενος
1890 914 1979 999 ῶς
2010 914 2166 1006 μηδ’
2200 913 2443 987 ἀκούε-

479 1037 516 1091 4
543 1032 706 1092 σθαι
731 1021 1044 1103 πολλάκις
1079 1020 1192 1091 διὰ
1219 1020 1293 1091 τὸ
1320 1023 1725 1109 καθειμένον
1752 1028 1868 1110 τῆς
1896 1028 2141 1109 φωνῆς.
2212 1021 2441 1108 ἐζήλου

541 1125 617 1195 δὲ
648 1131 855 1195 ταῦτα
899 1121 988 1205 ῶς
1021 1121 1104 1212 δὴ
1137 1125 1433 1214 Μάρκου
1472 1123 1988 1212 ἐπιτηδεύματα,
2025 1122 2144 1193 τὸν
2184 1123 2255 1191 δὲ
2300 1133 2439 1193 λοι-

540 1226 673 1299 πὸν
697 1234 852 1315 βίον
881 1223 1006 1298 οῦκ
1034 1228 1426 1316 ἐμιμήσατο,
1466 1231 1783 1299 ἐπεδίδου
1810 1227 1887 1297 δὲ
1930 1227 2235 1297 ἑκάστοτε
2272 1229 2343 1307 ἐς
2368 1226 2435 1295 τὸ
2466 1260 2475 1298 1

542 1328 1004 1421 ἁβροδίαιτον,
1049 1327 1392 1419 ὀρχηστῶν
1437 1358 1507 1399 τε
1559 1332 1752 1411 θέαις
1788 1332 1901 1399 καὶ
1938 1330 2149 1419 πάσης
2190 1329 2437 1418 μούσης

483 1456 490 1460 ·
541 1433 864 1522 κινήσεώς
902 1461 974 1503 τε
1006 1430 1359 1522 εὐρύθμου
1396 1428 1785 1522 ὑποκριταῖς
1826 1434 2189 1521 σχολάζων,
2222 1439 2338 1520 τῆς
2372 1460 2435 1501 τε

543 1544 678 1606 τῶν
705 1536 1110 1627 πραγμάτων
1136 1536 1526 1625 διοικήσεως
1552 1534 1809 1624 ἀμελῶς
1840 1544 2029 1625 ἔχων.
2110 1535 2349 1626 προῄει
2373 1562 2433 1603 τε

542 1640 827 1729 πόρπαις
853 1642 965 1709 καὶ
994 1644 1317 1727 ζωστῆρσι
1341 1646 1567 1732 χρυσῷ
1587 1647 1807 1733 πολλῷ
1832 1640 1945 1709 καὶ
1963 1646 2181 1719 λίθοις
2206 1645 2434 1725 τιμίοις

543 1746 1075 1832 πεποικιλμένοις
1111 1744 1627 1832 κεκοσμημένος,
1656 1750 1771 1831 τῆς
1816 1742 2123 1831 τοιαύτης
2158 1749 2435 1837 πολυτε-
2464 1771 2475 1808 ι

541 1854 721 1929 λείας
761 1846 939 1938 παρὰ
971 1862 1104 1927 τοῖς
1131 1843 1467 1935 Ῥωμαίων
1502 1845 1929 1935 στρατιώταις
1966 1842 2089 1915 οῦκ
2132 1848 2435 1915 ἐπαινου-

541 1952 774 2038 μένης,
815 1949 1160 2041 βαρβάρου
1201 1950 1280 2019 δὲ
1317 1939 1569 2039 μᾶλλον
1608 1951 1722 2018 καὶ
1758 1955 2239 2040 θηλυπρεποῦς
2276 1947 2435 2018 εἶναι

480 2070 512 2121 5
543 2053 890 2141 δοκούσης.
995 2049 1164 2142 ἅπερ
1201 2048 1489 2142 ὁρῶντες
1529 2057 1600 2121 οἱ
1632 2060 2027 2141 στρατιῶται
2062 2048 2144 2122 ού
2174 2051 2355 2121 πάνυ
2380 2080 2435 2120 τι

541 2152 973 2244 ἀπεδέχοντο,
1001 2152 1457 2245 ἀπηρέσκοντό
1493 2182 1563 2225 τε
1602 2153 1815 2225 αὐτοῦ
1852 2162 1943 2248 τῷ
1984 2163 2110 2249 βίῳ
2144 2152 2232 2236 ῶς
2260 2152 2434 2223 ἀνει-

541 2260 718 2351 μένω
746 2265 996 2346 μᾶλλον
1035 2253 1080 2347 ῆ
1111 2255 1257 2327 κατ’
1296 2254 1511 2348 ἄνδρα
1542 2258 2011 2348 στρατιωτικόν
2030 2280 2045 2295 ·
2098 2258 2475 2346 παραβάλ--]

543 2369 770 2441 λοντες
801 2360 876 2429 δὲ
902 2359 1025 2449 τῆν
1051 2360 1319 2450 μνήμην
1351 2367 1431 2449 τῇ
1464 2357 1864 2431 Ἀντωνίνου
1892 2368 2113 2451 διαίτη
2140 2365 2435 2452 ἐπιστρε-

545 2478 666 2551 φεῑ
691 2489 763 2531 τε
790 2465 901 2533 καὶ
941 2470 1375 2571 στρατιωτική
1413 2466 1767 2554 γενομένῃ,
1806 2471 2295 2552 κατεγίνωσκον
2332 2474 2437 2553 τῆς

482 2580 518 2633 6
549 2575 909 2654 Μακρίνου
935 2564 1380 2648 πολυτελείας.
1436 2575 1531 2638 ἔτι
1564 2596 1635 2638 τε
1660 2564 2082 2657 ἠγανάκτουν
2106 2564 2299 2638 αὐτοὶ
2323 2598 2439 2658 μεν

541 2668 674 2741 υπὸ
715 2687 989 2758 σκηναῖς
1025 2672 1136 2741 καὶ
1167 2675 1242 2741 ἐν
1270 2669 1608 2763 ἀλλοδαπή
1647 2672 2097 2760 διαιτώμενοι,
2138 2668 2290 2742 ἔσθ’
2334 2700 2437 2741 οτε

541 2777 654 2846 καὶ
681 2781 1102 2857 σπανίζοντες
1128 2781 1265 2843 τῶν
1293 2779 1704 2864 ἐπιτηδείων,
1736 2781 1801 2856 ἒς
1832 2803 1903 2845 τε
1927 2774 2009 2845 τὰ
2028 2778 2287 2844 ἑαυτῶν
2316 2802 2433 2843 ουκ
2461 2804 2475 2839 22

543 2876 926 2958 ἐπανιόντες
969 2876 1236 2967 εἰρήνης
1278 2878 1450 2948 εἶναι
1488 2877 1847 2967 δοκούσης·
1888 2874 2172 2967 ὁρῶντες
2210 2878 2290 2947 δὲ
2327 2877 2435 2947 τὸν

543 2990 900 3070 Μακρῖνον
929 2984 1003 3051 ἐν
1026 2986 1218 3071 χλιδῇ
1253 2984 1365 3049 καὶ
1393 2988 1616 3071 τρυφῇ
1655 2981 2123 3070 διαιτώμενον,
2153 2979 2437 3069 ἀφηνιά-

544 3093 762 3168 ζοντες
805 3080 934 3172 ἤδη
980 3082 1146 3174 πρὸς
1191 3080 1517 3173 ἀλλήλους
1574 3081 1782 3154 αὐτὸν
1826 3092 2045 3165 κακῶς
2094 3080 2435 3175 ἠγόρευον,

543 3186 942 3276 προφάσεῶς
981 3214 1052 3255 τε
1099 3182 1329 3273 ὀλίγης
1372 3187 1697 3274 λαβέσθαι
1740 3184 2013 3275 εὔχοντο
2057 3191 2125 3269 ἐς
2160 3186 2233 3258 τὸ
2276 3184 2435 3257 ἀπο-

546 3288 1003 3358 σκευάσασθαι
1031 3288 1104 3357 τὸ
1135 3295 1419 3357 λυποῦν.
2464 3324 2475 3362 :3

486 3392 524 3451 3
752 3392 950 3477 ἐχρῆν
977 3391 1052 3458 δὲ
1077 3388 1206 3477 ἄρα
1234 3399 1595 3477 Μακρῖνον
1622 3394 1934 3461 ἐνιαυτοῦ
1972 3390 2185 3480 μόνου
2212 3398 2296 3481 τῇ
2322 3400 2439 3480 βα-

547 3497 760 3582 σιλείᾳ
789 3491 1291 3580 ἐντρυφήσαντα
1330 3488 1461 3580 ἅμα
1503 3500 1595 3587 τῷ
1624 3502 1751 3587 βίῳ
1780 3496 1890 3564 καὶ
1923 3493 2046 3582 τὴν
2080 3491 2295 3583 ἀρχὴν
2327 3522 2441 3563 κα-
