2475 3859
465 108 584 169 100
1213 114 1651 173 ΤΕΤΑΡΤΟΝ

461 284 822 367 ἀναπείσας
847 292 986 355 τῶν
1015 281 1401 375 ὑπηρετῶν,
1428 290 1807 377 δηλητηρίφ
1844 284 2162 373 χρήσηται
2194 312 2381 373 φαρ-

402 412 437 464 2
464 391 672 483 μάκαρ.
753 390 962 479 ταύτῃ
998 395 1171 476 γοῦν
1209 390 1323 459 καὶ
1364 387 1487 477 τὴν
1532 385 1923 476 ὁδοιπορίαν
1968 395 2063 457 ἔτι
2116 396 2377 476 μᾶλλον

459 491 759 585 ἤπειγον,
789 488 1180 580 ἀδεέστερον
1213 492 1520 581 ἑκάτερος
1548 492 1915 580 βιώσεσθαι
1945 498 2373 579 προσδοκῶν,

462 604 527 669 εἰ
563 600 638 667 ἐν
675 602 756 685 τῇ
783 590 994 685 Ῥώμῃ
1032 597 1337 683 γένοιντο
1375 596 1491 664 καὶ
1530 593 1610 664 τὰ
1650 602 1953 683 βασίλεια
1994 595 2377 682 διελόμενοι

459 705 534 772 έν
561 704 837 790 πλατείᾳ
863 699 976 767 καὶ
1004 704 1218 788 πολλῇ
1256 698 1507 787 οἰκήσει
1548 702 1660 768 καὶ
1700 699 1911 785 πάσης
1942 697 2197 779 πόλεως
2222 705 2379 786 μεί-
2408 730 2430 769 5

460 814 602 888 ζονι
625 797 788 871 καθ’
820 799 1062 871 ἑαυτὸν
1102 800 1409 889 ἑκάτερος
1436 800 1657 888 διάγοι
1680 798 1770 881 ὥς
1800 798 2130 889 βούλοιτο.

405 924 440 977 3
479 951 482 962 -
664 899 750 983 ὡς
780 904 856 974 δὲ
886 900 1207 993 ἀφίκοντο
1236 908 1302 985 ές
1339 902 1461 991 τὴν
1488 901 1771 992 Ῥώμην,
1804 900 1841 973 ὅ
1880 930 1953 973 τε
1996 909 2199 992 δῆμος
2244 900 2381 971 αὖ·

458 1006 616 1089 τούς
655 1012 1117 1097 δαφνηφορῶν
1144 1003 1505 1090 ὑπεδέξατο
1532 1004 1575 1095 ἦ
1606 1036 1677 1077 τε
1714 1006 2079 1095 σύγκλητος
2118 1029 2381 1095 προση-

459 1111 805 1202 γόρευσεν.
862 1106 1152 1198 ἡγοῦντο
1191 1107 1259 1180 δ’
1304 1106 1499 1180 αὐτοὶ
1537 1110 1663 1199 μὲν
1706 1107 1828 1198 τὴν
1866 1116 2205 1198 βασίλειον
2250 1112 2378 1196 φέ-

462 1242 692 1303 ροντες
723 1209 1122 1302 πορφύραν,
1167 1219 1431 1282 εἵποντο
1460 1210 1525 1282 δ’
1562 1210 1849 1283 ὄπισθεν
1889 1210 2115 1292 αὐτοῖς
2144 1216 2213 1280 οἷ
2252 1211 2375 1299 τὴν

464 1315 724 1387 ὕπατον
749 1313 960 1405 ἀρχὴν
987 1315 1134 1386 τότε
1163 1317 1537 1402 διέποντες,
1567 1317 1829 1405 κάλπην
1856 1320 2173 1405 φέροντες
2200 1321 2375 1384 ἔνθα

466 1411 551 1509 ἦν
581 1418 663 1489 τὰ
688 1418 1001 1508 Σεεήρου
1029 1426 1331 1501 λείψανα.
1388 1424 1459 1489 οἵ
1485 1446 1556 1489 τε
1584 1418 2191 1507 προσαγορεύοντες
2214 1415 2377 1497 τούς

464 1526 662 1603 νέους
691 1518 1181 1611 αὐτοκράτορας
1211 1521 1562 1611 παριόντες
1588 1524 1701 1591 καὶ
1730 1521 1853 1611 τὴν
1878 1522 2139 1609 κάλπην
2166 1544 2376 1610 προσ-

403 1642 439 1695 4
472 1626 781 1697 εκύνουν.
883 1629 1150 1714 ἐκείνην
1176 1625 1301 1714 μὲν
1320 1618 1447 1695 οὖν
1472 1628 2047 1716 παραπέμψαντες,
2070 1626 2184 1694 καὶ
2208 1650 2377 1713 προ-

465 1728 968 1819 πομπεύσαντες
995 1726 1220 1818 αὐτῆς,
1244 1726 1573 1799 ἀπέθεντο
1602 1732 1675 1798 ἐν
1702 1736 1795 1822 τῷ
1812 1735 1944 1821 νεῷ
1972 1736 2142 1799 ἔνθα
2170 1728 2373 1817 Μάρ-

469 1863 594 1905 κου
632 1860 705 1904 τε
743 1835 856 1903 καὶ
894 1840 1032 1904 τῶν
1075 1831 1202 1921 πρὸ
1250 1829 1461 1902 αὐτοῦ
1504 1836 1833 1921 βασιλέων
1889 1828 2037 1921 ιἐρᾶ
2074 1830 2375 1919 μνήματα

471 1945 815 2013 δείκνυται
831 1960 846 1974 ·
876 1939 1368 2016 ἐπιτελέσαντες
1387 1942 1428 2005 δ
1432 1936 1463 2007 ὲ
1482 1934 1597 2015 τὰς
1615 1938 2091 2024 νενομισμένας
2112 1940 2377 2022 ἱερουρ-

470 2049 620 2132 γίας
661 2042 771 2111 ἐπὶ
809 2056 948 2119 ταῖς
976 2048 1349 2128 βασιλικαῖς
1384 2039 1669 2119 εἰσόδοις
1710 2036 2015 2127 ἀνῆλθον
2052 2042 2119 2119 ές
2145 2036 2227 2106 τὰ
2255 2044 2377 2123 βα-

414 2161 446 2213 5
473 2152 709 2215 σίλεια.
813 2139 1188 2230 διελόμενοι
1237 2143 1316 2211 δὲ
1365 2138 1539 2211 αὐτὰ
1578 2141 1883 2231 ἑκάτερος
1926 2139 2114 2233 ᾤκει,
2160 2166 2379 2225 παρα-

472 2246 874 2336 φράττοντές
905 2271 977 2313 τε
1006 2245 1217 2324 πάσας
1244 2243 1581 2331 εἰσόδους,
1628 2256 1697 2313 εἰ
1720 2272 1895 2325 τινες
1921 2236 2091 2332 ἦσαν
2119 2243 2376 2312 λανθά-

471 2371 742 2434 νουσαι,
771 2347 1006 2435 μόναις
1031 2348 1106 2417 δὲ
1137 2363 1279 2428 ταῖς
1306 2354 1647 2435 δημοσίοις
1672 2349 1786 2417 καὶ
1813 2345 2104 2427 αὐλείοις
2134 2342 2381 2433 ἀνέδην

472 2447 833 2541 χρεόμενοι,
881 2450 1182 2538 φρουράς
1232 2478 1305 2519 τε
1356 2450 1819 2537 ἐπιστήσαντες
1858 2456 1998 2541 ἰδία
2054 2450 2377 2537 ἑκάτερος,

473 2550 636 2625 οὐδὲ
676 2551 1022 2631 συνιόντες
1061 2559 1122 2622 εἰ
1157 2553 1248 2641 μὴ
1277 2552 1443 2641 πρὸς
1468 2549 1731 2641 ὀλίγον,
1772 2550 1935 2623 ὅσον
1960 2558 2282 2643 δημοσίᾳ,
2327 2561 2388 2620 εἴ

473 2684 664 2742 ποτε,
713 2651 1036 2743 ὀφθῆναι.
1083 2658 1475 2727 ἐπετέλεσαν
1515 2656 1590 2726 δὲ
1630 2655 1759 2747 πρὸ
1800 2652 2114 2726 ἁπάντων
2152 2655 2279 2743 τὴν
2320 2658 2379 2734 ἐς

474 2758 593 2831 τὸν
619 2760 870 2847 πατέρα
895 2757 1111 2846 τιμήν.

419 2872 454 2931 2
685 2870 844 2943 ἔθος
895 2862 1022 2949 γάρ
1075 2864 1212 2930 ἐστι
1244 2857 1582 2948 Ῥωμαίοις
1631 2860 1999 2944 ἐκθειάζειν
2050 2862 2381 2949 βασιλέων

479 2965 636 3047 τοὺς
663 2967 773 3037 ἐπὶ
799 2966 988 3035 παισὶ
1017 2961 1353 3051 διαδόχοις
1379 2962 1925 3051 τελευτήσαντας·
1970 2963 2091 3051 τήν
2127 2990 2199 3031 τε
2242 2988 2383 3032 τοι-

481 3069 695 3159 αύτην
719 3066 919 3157 τιμὴν
955 3064 1343 3137 ἀποθέωσιν
1387 3074 1687 3136 καλοῦσι.
1758 3068 2163 3154 μεμιγμένον
2200 3067 2284 3134 δέ
2322 3092 2383 3133 τι

479 3174 734 3253 πένθος
783 3174 978 3261 ἑορτῇ
1019 3172 1130 3240 καὶ
1171 3177 1501 3261 θρησκείᾳ
1538 3167 1703 3239 κατὰ
1746 3176 1965 3239 πᾶσαν
2008 3167 2132 3256 τὴν
2182 3168 2382 3238 πόλιν

2406 1750 2443 1791 15

2405 2272 2447 2311 2⁰

2402 2778 2447 2821 ‘25

419 3289 452 3339 2
483 3280 846 3344 δείκνυται.
949 3271 1022 3342 τό
1051 3273 1174 3361 μὲν
1199 3272 1327 3360 γὰρ
1359 3279 1546 3359 σῶμα
1574 3278 1695 3341 τοῦ
1723 3271 2233 3359 τελευτήσαντος
2260 3298 2380 3340 πο-
2410 3298 2451 3337 ³⁰

482 3383 746 3445 λυτελεῑ
770 3381 1006 3466 κηδείᾳ
1034 3374 1578 3445 καταθάπτουσιν
1606 3371 1987 3461 ἀνθρώπων
2016 3374 2201 3465 νόμῳ
2218 3396 2233 3410 ·
2265 3401 2383 3460 κη-

486 3484 610 3561 ροῦ
642 3476 716 3545 δὲ
741 3477 1146 3565 πλασάμενοι
1173 3473 1399 3546 εἰκόνα
1438 3475 1649 3543 πάντα
1690 3471 1929 3563 ὁμοίαν
1966 3484 2057 3568 τῷ
2084 3485 2383 3545 τετελευ-
