2475 3859
825 156 1280 227 ΔΕΤΤΕΡΟΝ
1926 158 2005 222 63

82 356 200 411 τος
231 330 558 417 βασιλέως
585 328 1109 418 προπομπεύειν,
1131 324 1367 419 ὀμόσαι
1397 354 1469 399 τε
1496 333 1563 411 ἐς
1588 326 1661 399 τὸ
1692 332 2005 421 Σεεήρου

81 429 338 520 ὄνομα,
367 434 480 502 καὶ
515 428 658 521 μετ’
693 429 974 521 ἀγαθῶν
1009 437 1301 503 ἐλπίδων
1338 437 1567 504 ἐλθεῖν
1598 429 1687 514 ὥς
1724 436 2005 522 μέλλον-

80 562 208 616 τας
237 534 360 605 τὸν
385 543 682 626 Σεεῆρον
709 536 1225 625 δορυφορήσειν.
1331 536 1799 618 πιστεύσαντες
1828 536 1911 626 δὴ
1942 543 2063 612 0153

79 646 486 726 στρατιῶται
533 655 667 720 τοῖς
711 643 1248 729 ἐπεσταλμένοις,
1304 642 1691 720 πεισθέντες
1750 668 1821 711 τε
1870 638 2003 711 ὑπὸ

4 776 43 815 5
81 748 230 811 τῶν
267 743 825 831 χιλιαρχούντων,
873 741 954 813 τὰ
989 744 1112 831 μὲν
1150 740 1323 813 ὅπλα
1372 746 1728 813 κατέλιπον
1768 744 2001 833 πάντα,

79 842 285 915 αὐτοὶ
308 846 390 939 ,δὲ
416 850 488 915 ἐν
529 844 762 935 μόναις
787 862 930 927 ταῖς
968 862 1325 934 πομπικαῖς
1368 850 1608 934 ἐσθῆσι
1645 850 2005 936 δαφνηφο-

80 956 368 1032 ροῦντες
394 946 764 1038 ἠπείγοντο.
861 946 949 1031 ὥς
993 949 1069 1018 δὲ
1111 946 1277 1039 πρὸς
1314 956 1405 1043 τῷ
1434 953 1855 1043 στρατοπέδῳ
1882 957 2005 1019 τοῦ

81 1052 402 1142 Σεεήρου
457 1056 798 1141 ἐγένοντο,
851 1050 1228 1142 ἠγγέλησάν
1272 1080 1343 1122 τε
1386 1049 1783 1142 ἀφικόμενοι
1820 1056 1889 1133 ἐς
1928 1052 2001 1123 τὸ

91 1161 368 1243 πεδίον,
397 1152 625 1236 οὕτως·
647 1154 896 1237 αὐτοὺς
936 1152 972 1225 ὃ
1000 1162 1305 1247 Σεεῆρος
1340 1164 1703 1225 συνελθεῖν
1742 1156 2002 1225 κελεύει

0 1287 50 1327 ιο
85 1256 180 1339 ὦς
207 1257 293 1346 δὴ
323 1258 794 1348 δεξιωσόμενος
819 1262 933 1329 καὶ
959 1260 1541 1349 προσαγορεύσων.
1584 1254 1673 1337 ὡς
1702 1258 1776 1327 δὲ
1804 1256 2003 1329 ἆνελ-
2026 1276 2062 1329 4

80 1361 306 1432 θόντα
333 1358 541 1433 αὐτὸν
568 1366 675 1433 ἐπὶ
701 1361 776 1431 τὸ
798 1371 977 1451 βῆμα
1003 1369 1393 1451 προσῆλθον
1420 1358 1859 1451 ὁμοθυμαδὸν
1888 1358 2006 1432 εὖ·

83 1465 542 1554 φημήσοντες,
587 1466 830 1547 πάντες
869 1462 993 1556 ὑφ’
1052 1468 1152 1535 ἑνὶ
1195 1466 1577 1554 συνθήματι
1618 1466 2005 1555 συλλαμβά-

79 1591 354 1638 νονται·
385 1577 740 1658 προείρητο
767 1568 894 1660 γὰρ
922 1576 1014 1662 τῷ
1041 1576 1162 1636 τοῦ
1193 1568 1505 1657 Σεεήρου
1530 1576 1810 1661 στρατῷ,
1834 1565 2004 1659 ὁπη-

80 1678 249 1740 νίκα
289 1666 376 1739 ἂν
401 1679 648 1741 στῶσιν
693 1674 758 1752 ἐς
783 1670 903 1741 τὸν
929 1674 1202 1760 βασιλέα
1237 1667 1727 1759 ἀποβλέποντες
1753 1675 2003 1760 μετέω-

0 1805 48 1845 15
82 1775 213 1865 ρόν
274 1801 347 1843 τε
397 1772 521 1863 τὴν
571 1773 845 1863 γνώμην
887 1782 1176 1863 ἔχοντες,
1231 1775 1709 1843 κυκλώσασθαι
1756 1771 2003 1855 αὐτοὺς

79 1883 382 1969 πολεμίῳ
419 1878 636 1971 νόμῳ,
668 1880 781 1946 καὶ
807 1877 1192 1968 τιτρώσκειν
1231 1876 1355 1966 μὲν
1382 1872 1428 1965 ἢ
1463 1882 1686 1945 παίειν
1724 1879 1998 1964 μηδένα,
2106 1882 2111 1885 ’

78 1984 398 2068 συνέχειν
438 1982 513 2051 δὲ
550 1984 663 2051 καὶ
705 1996 1032 2071 φρουρεῖν
1073 1977 1452 2069 φράξαντας
1488 1982 1563 2049 ἐν
1600 1979 1827 2072 κύκλῳ
1864 1994 2001 2061 τοῖς

77 2080 351 2171 ὅπλοις,
379 2084 492 2165 τάς
523 2112 594 2153 τε
621 2091 920 2173 διβολίας
957 2086 1068 2152 καὶ
1109 2082 1189 2153 τὰ
1227 2084 1475 2172 δόρατα
1515 2086 1867 2171 ἐπισείειν,
1912 2078 1999 2165 ὡς

80 2189 225 2255 δέει
253 2193 378 2255 τοῦ
405 2194 752 2277 τρωθῆναι
779 2194 1032 2277 γυμνοί
1063 2214 1136 2256 τε
1168 2185 1345 2275 ’,πρὸς
1388 2184 1844 2274 ὡπλισμένους
1885 2188 1997 2256 καὶ

0 2332 46 2371 ιο
79 2288 306 2378 ὀλίγοι
345 2288 510 2381 πρὸς
549 2289 838 2372 πολλοὺς
875 2289 964 2379 μὴ
1012 2290 1340 2379 μάχοιντο.
1448 2292 1591 2360 ἐπεὶ
1632 2290 1707 2359 δὲ
1748 2286 1995 2371 αὐτοὺς
2023 2299 2055 2350 5

0 2480 13 2493 υ
81 2389 337 2487 ω’σπερ
368 2392 784 2483 σαγηνεύσας
835 2392 1020 2475 ἐντὸς
1072 2401 1207 2463 τών
1260 2390 1487 2463 οπλων
1533 2392 2001 2479 δορυαλώτους

83 2496 253 2584 εἶχε,
303 2481 556 2588 μεγαλῃ
603 2504 730 2587 βοῇ
769 2499 882 2567 καὶ
929 2502 1287 2585 θυμοειδεῖ
1321 2504 1413 2589 τῷ
1454 2495 1781 2583 πνεύματι
1822 2498 2001 2578 ἔλεξε

79 2598 252 2688 πρὸς
291 2596 536 2681 αὐτους
563 2601 805 2670 τοιάδε.

282 2698 430 2771 “gn
468 2704 592 2792 μὲν
629 2700 822 2791 υμῶν
857 2704 970 2771 καὶ
1009 2709 1216 2793 σοφία
1261 2708 1603 2787 κρείττους
1653 2700 1849 2789 ἐσμὲν
1888 2702 1999 2769 καὶ

0 2839 48 2881 25
85 2804 378 2894 δυναμει
408 2813 696 2894 στρατοῦ
724 2808 834 2875 καὶ
861 2804 1223 2893 συμμάχων
1250 2804 1531 2892 πλήθει,
1564 2810 1739 2896 ἔργῳ
1766 2800 1961 2891 ὁρᾶτε
1980 2825 1994 2839 ·

81 2917 378 2997 εἴληφθε
403 2916 574 2996 γοῦν
599 2912 865 3001 ῥαδίως,
895 2910 1007 2977 καὶ
1035 2903 1299 2977 ἀκονιτί
1332 2934 1407 2994 γε
1450 2906 1799 2977 ἑαλώκατε.
1858 2911 1995 2974 ἔστι

79 3008 147 3081 δ’
183 3016 262 3081 ἐν
292 3014 437 3100 ἐμοὶ
465 3008 508 3081 δ’
530 3041 594 3081 τι
621 3008 757 3081 ποτ’
789 3007 874 3083 ἂν
899 3008 1072 3100 ὑμᾶς
1099 3016 1339 3099 δρᾶσαι
1368 3009 1656 3097 θελήσω,
1688 3010 1799 3077 καὶ
1826 3008 1995 3096 πρό-

78 3125 324 3184 κεισθε
353 3111 484 3204 ἤδη
525 3115 796 3203 θύματα
835 3121 949 3202 τῆς
986 3111 1307 3202 ἡμετέρας
1350 3116 1667 3195 ἐξουσίας.
1776 3118 1839 3179 εί
1871 3112 1995 3197 μὲν
2020 3128 2053 3181 6

83 3210 214 3287 οὖν
261 3214 454 3307 ὑμεῖς
498 3216 666 3306 πρὸς
724 3216 804 3287 τὰ
855 3219 1300 3306 τετολμημένα
1354 3222 1677 3305 τιμωρίαν
1730 3222 1995 3302 ζητεῖτε,

9 3356 51 3398 m
84 3317 240 3391 οὐδ’
291 3328 472 3391 ἔστιν
521 3318 746 3409 εὑρεῖν
799 3326 996 3409 δίκην
1039 3319 1162 3408 τὴν
1203 3320 1769 3408 ἐπιτεθησομένην
1806 3314 1998 3399 ἀξίαν

82 3431 224 3495 τῶν
264 3427 770 3515 πεπραγμένων.
849 3422 1097 3512 σεμνὸν
1148 3423 1534 3513 πρεσβύτην
1573 3422 1685 3491 καὶ
1725 3422 1996 3509 βασιλέα

81 3526 406 3619 χρηστόν,
439 3523 521 3597 ὃν
558 3530 760 3617 ἐχρῆν
800 3526 1034 3611 σώζειν
1072 3529 1184 3596 καὶ
1225 3532 1667 3617 δορυφορεῖν,
1712 3522 1997 3613 ἐφονεύ-
