2475 3859
859 138 1317 203 AEYTEPON
1962 142 2042 203 65

119 319 320 403 ρίαν,
350 318 839 403 μετεγίνωσκον
879 310 956 381 δὲ
997 312 1108 381 ἐπὶ
1132 317 1226 404 τῷ
1264 307 1599 394 ἀνόπλους
1636 315 1897 403 ἐλθεῖν,
1932 322 2040 385 αἰ-

119 423 345 505 σχρῶς
381 418 494 487 καὶ
535 420 955 504 ἐφυβρίστως
995 414 1375 497 ἑαλωκότες.
1462 418 1771 506 ἐκέχρητο
1812 417 1889 487 δὲ
1926 420 2041 488 καὶ
2071 440 2143 494 12

119 515 310 612 ἄλλῳ
337 516 374 589 ὅ
400 526 700 607 Σεθῆρος
725 525 1112 606 σοφίσματι·
1143 516 1387 601 δεδιώς
1412 517 1544 608 γάρ
1572 517 1663 608 μὴ
1705 516 1835 611 ἀρα
1870 519 2037 609 μετὰ

117 621 200 693 τὸ
237 620 706 712 ἀποζωσθῆναι
735 624 808 691 ἐν
847 617 1224 710 ἀπογνώσει
1262 622 1613 709 γενόμενοι
1640 619 2038 713 ἀναδράμω-

57 767 90 807 5
119 750 238 797 σιν
263 728 372 796 ἐπὶ
395 724 472 795 τὸ
500 724 950 815 στρατόπεδον
967 727 1080 794 καὶ
1105 722 1188 795 τὰ
1205 720 1380 795 ὅπλα
1398 722 1803 814 ἀναλάβωσι,
1822 726 2039 815 πρού-

118 843 343 916 πεμψε
367 828 654 917 λογάδας
683 828 1086 915 ἐπιλέκτους,
1104 823 1308 908 ὅσους
1336 828 1846 916 γενναιοτάτους
1876 826 2037 918 ἠπί-

117 954 320 1005 στατο
338 984 358 1021 ,
403 929 497 1002 δι’
533 934 780 1021 ἑτέρων
817 927 1000 1001 ὀδών
1042 931 1157 1000 καὶ
1201 927 1551 1021 ἀτραπῶν,
1581 928 1673 1013 ὥς
1710 932 2037 1015 λαθόντες

116 1035 198 1105 τό
235 1062 307 1103 τε
337 1035 789 1125 στρατόπεδον
831 1036 1290 1105 ἐπεισέλθοιεν
1330 1030 1603 1124 ἀνδρῶν
1643 1035 1879 1126 κενόν,
1921 1039 2037 1107 καὶ

116 1136 202 1209 τὰ
267 1133 440 1209 ὅπλα
503 1137 1020 1227 καταλαβόντες,
1089 1143 1154 1207 εἰ
1213 1141 1467 1209 ἐπίοιεν
1484 1190 1504 1227 ,
1562 1134 2035 1211 ἀποκλείσαιεν

31 1280 83 1321 10
121 1238 392 1322 αὐτούς.

327 1350 524 1433 δίκην
547 1342 671 1431 μὲν
699 1339 785 1434 δὴ
809 1341 1062 1432 ταύτην
1097 1348 1343 1413 ἔδοσαν
1380 1348 1453 1414 οἰ
1472 1350 1593 1414 τοῦ
1618 1349 2033 1433 Περτίνακος

119 1463 381 1537 φονεῖς·
431 1444 468 1519 ὁ
511 1446 586 1517 δὲ
621 1451 924 1535 Σεεῆρος
962 1443 1095 1515 σὺν
1137 1449 1339 1516 παντὶ
1384 1454 1479 1540 τῷ
1518 1455 1730 1541 λοιπῷ
1769 1455 2028 1541 στρατῷ
2057 1455 2131 1515 14

119 1548 518 1642 ὡπλισμένῳ
573 1551 640 1630 ἐς
677 1547 804 1638 τὴν
839 1544 1094 1638 Ῥώμην
1143 1545 1529 1637 ἀφικνεῖται
1544 1602 1563 1637 ,
1602 1553 1919 1640 ἔκπληξίν
1961 1577 2035 1621 τε

116 1657 234 1725 καὶ
261 1657 410 1734 δέος
435 1650 568 1741 ἅμα
594 1659 686 1745 τῷ
713 1649 1018 1742 ὀφθῆναι
1056 1667 1192 1732 τοῖς
1223 1649 1561 1741 Ῥωμαίοις
1598 1655 1872 1743 ἐνέβαλε
1896 1668 2037 1735 τοῖς

37 1788 82 1828 15
115 1754 298 1829 οὕτω
329 1756 832 1844 τετολμημένοις
863 1782 933 1825 τε
959 1756 1072 1824 καὶ
1106 1751 1579 1845 εὐτυχηθεῖσιν
1606 1763 1843 1845 ἔργοις.
1890 1752 1927 1824 ὁ
1956 1756 2033 1825 δὲ

113 1866 326 1949 δῆμος
349 1861 464 1929 καὶ
499 1853 542 1947 ἡ
581 1858 947 1947 σύγκλητος
983 1862 1585 1947 δαφνηφοροῦντες
1626 1855 2031 1947 ὑπεδέχοντο

113 1971 388 2053 πρῶτον
439 1958 826 2050 ἀνθρώπων
873 1962 988 2031 καὶ
1033 1963 1371 2049 βασιλέων
1410 1957 1746 2049 ἀναιμωτί
1798 1989 1871 2032 τε
1916 1964 2031 2032 καὶ

113 2064 379 2137 ἀκονιτὶ
414 2070 702 2135 τοσαῦτα
738 2063 1254 2153 κατωρθωκότα.
1309 2063 1529 2135 πάντα
1564 2063 1691 2154 γὰρ
1732 2067 1809 2135 ἐν
1846 2060 2029 2158 αὐτῷ
2054 2087 2089 2139 2

115 2170 548 2258 ἐθαυμάζετο,
561 2166 842 2257 μάλιστά
868 2168 944 2237 δὲ
969 2166 1042 2237 τὸ
1071 2164 1397 2257 ἀγχίνουν
1421 2174 1536 2257 τῆς
1561 2167 1828 2257 γνώμης
1853 2167 1929 2239 τό
1957 2195 2031 2237 τε

29 2304 84 2345 το
116 2279 258 2343 τῶν
283 2272 515 2343 πόνων
549 2286 863 2359 γενναῖον
885 2272 1002 2339 καὶ
1042 2268 1117 2340 τὸ
1152 2275 1218 2353 ἐς
1245 2268 1329 2341 τὰ
1357 2271 1747 2360 τολμώμενα
1774 2268 1909 2360 ἅμα
1932 2276 2029 2365 τῷ

111 2376 472 2468 θαρραλέῳ
501 2371 752 2444 εὔελπι.
797 2376 940 2443 ἐπεὶ
965 2378 1200 2444 τοίνυν
1226 2369 1265 2443 ὅ
1290 2401 1363 2444 τε
1390 2378 1597 2463 δῆμος
1622 2370 1831 2445 αὐτὸν
1858 2370 2031 2443 ἀπο-

113 2478 472 2566 δεξάμενος
515 2474 904 2566 εὐφήμησεν
939 2472 984 2565 ἦ
1026 2503 1098 2546 τε
1145 2476 1512 2566 σύγκλητος
1562 2479 1671 2548 ἐπὶ
1725 2492 1868 2559 ταῖς
1911 2483 2027 2564 τῆς

111 2582 370 2663 πόλεως
409 2581 694 2660 εἰσόδοις
726 2578 1302 2670 προσηγόρευσεν,
1346 2576 1657 2651 ἀνελθών
1688 2582 1755 2663 ἐς
1792 2577 1866 2649 τὸ
1902 2586 2029 2648 τοῦ

109 2684 284 2767 Διὸς
306 2686 578 2773 τέμενος
594 2685 708 2753 καὶ
724 2682 961 2771 θύσας,
978 2689 1054 2752 ἔν
1079 2709 1150 2752 τε
1175 2698 1315 2763 τοῖς
1339 2691 1597 2763 λοιποίς
1615 2687 1816 2772 ίεροῖς
1840 2681 2025 2774 νόμῳ

32 2826 84 2865 25
114 2793 442 2879 βασιλικῷ
472 2786 938 2874 καλλιερήσας,
983 2782 1283 2873 ἀνῆλθεν
1309 2788 1375 2865 ἐς
1415 2784 1497 2854 τὰ
1523 2793 1845 2875 βασίλεια.
1906 2791 2022 2872 τῆς
2048 2804 2083 2858 3

113 2892 188 2961 δὲ
215 2890 532 2979 ἐπιούσης
557 2888 908 2959 κατελθών
932 2891 997 2969 ἐς
1014 2886 1138 2976 τὴν
1159 2887 1533 2977 σύγκλητον
1552 2887 1795 2976 λόγους
1813 2890 2025 2957 ἐπιει-

111 3010 254 3075 κείς
271 2992 452 3063 πάνυ
480 2995 592 3063 καὶ
609 2998 912 3081 χρηστῶν
939 2995 1231 3061 ἐλπίδων
1256 2988 1539 3079 μεστοὺς
1556 2992 1839 3060 ἐποιεῖτο
1854 2987 2023 3077 πρὸς

111 3097 402 3184 πάντας,
431 3098 544 3167 καὶ
571 3101 766 3187 κοινῇ
795 3096 908 3165 καὶ
937 3100 1076 3187 ἰδίᾳ
1103 3093 1557 3181 δεξιούμενος,
1590 3094 1804 3181 λέγων
1828 3089 2019 3180 ἥκειν

111 3200 238 3289 μὲν
273 3205 534 3280 ἔκδικος
560 3205 682 3268 τοῦ
706 3205 1118 3287 Περτίνακος
1143 3192 1535 3285 φόνου,.τὴν.
1560 3192 1622 3265 δ’
1655 3192 1867 3285 ἀρχὴν
1894 3220 2027 3263 παΦ

37 3334 84 3373 3ο
117 3306 338 3394 ρέξειν
377 3303 491 3372 καὶ
531 3306 795 3372 εἴσοδον
844 3298 1380 3392 ἀριστοκρατίας,
1423 3298 1585 3388 μήτε
1628 3299 1705 3367 δὲ
1754 3295 2029 3386 ἄκριτόν

114 3434 268 3475 τινα
308 3404 864 3493 φονευθήσεσθαι
901 3398 952 3495 ἦ
985 3402 1535 3492 δημευθήσεσθαι
1549 3454 1568 3489 ,
1616 3402 1778 3490 μήτε
1824 3424 2032 3470 συκο-

119 3514 540 3597 φαντοῦντος
565 3504 953 3597 ἀνέξεσθαι,
997 3503 1162 3577 ἀλλὰ
1189 3505 1569 3597 βαρυτάτην
1596 3501 2031 3594 εὐδαιμονίαν

234 3640 594 3686 antonum.
1709 3621 1747 3680 5
