2475 3859
914 189 1267 251 ΠΡΩΤΟΝ
1964 190 2045 251 27
2129 200 2133 204 ’

112 361 386 442 πάντας
426 362 770 453 ἐτάραξεν·
813 358 968 431 οὔτε
1007 360 1137 454 γὰρ
1195 362 1453 454 ὄμβρου
1498 362 2044 454 προῦπάρξαντος

111 464 287 535 οὔτε
316 472 550 554 νεφῶν
577 462 1127 556 ἀθροισθέντων,
1169 473 1447 557 σεισμοῦ
1489 468 1564 537 δὲ
1602 464 1834 555 ὀλίγον
1876 490 2039 557 προ-

111 572 500 657 γενομένου
526 573 646 657 γῆς
663 620 682 655 ,
726 579 859 637 εἴτε
885 576 1183 658 σκηπτοῦ
1224 570 1490 662 νύκτωρ
1530 573 2044 659 κατενεχθέντος

112 682 266 742 εἴτε
295 675 408 741 καὶ
427 670 638 761 πυρός
663 683 881 741 ποθεν
907 675 980 741 ἐκ
1000 678 1120 741 τοῦ
1147 679 1426 763 σεισμοῦ
1452 676 1881 764 διαρρυέντος
1907 681 2045 745 πᾶν

53 806 68 845 s
110 774 198 845 τὸ
243 781 364 864 τῆς
407 775 672 865 εἰρήνης
725 778 995 864 τέμενος
1045 780 1501 867 κατεφλέχθη,
1531 781 1843 867 μέγιστον
1893 780 2051 847 καὶ..
2074 810 2141 847 191

111 878 492 948 κάλλιστον
523 878 886 967 γενόμενον
915 884 1052 947 τῶν
1080 881 1156 948 ἐν
1181 886 1267 971 τῇ
1295 881 1483 951 πόλει
1512 889 1746 971 ἔργων.
1830 891 2037 952 πλου-
2070 895 2107 949 3

112 982 462 1052 σιτότατον
489 983 563 1051 δὲ
603 973 689 1070 ἦν
729 982 1003 1051 πάντων
1044 986 1278 1073 ἱερῶν,
1325 982 1418 1053 δι’
1464 982 1837 1073 ἀσφάλειαν
1878 982 2041 1055 ἄνα-

112 1086 389 1175 θήμασι
416 1087 912 1174 κεκοσμημένον
947 1092 1200 1176 χρυσοῦ
1242 1115 1314 1156 τε
1352 1090 1465 1157 καὶ
1503 1086 1833 1179 ἀργύρου·
1888 1092 2043 1158 ἕκα-

113 1213 282 1269 στος
314 1190 422 1275 δέ,
451 1186 494 1257 ὁὶ
521 1189 730 1276 εἶχεν,
775 1191 989 1257 ἐκεῖσε
1031 1192 1522 1280 ἑθησαυρίζετο.
1590 1189 1759 1261 ἀλλὰ
1795 1189 1871 1262 τὸ
1909 1196 2046 1281 πῦρ

53 1320 80 1361 ι)
116 1296 392 1379 ἐκείνης
419 1290 658 1372 νυκτὸς
684 1289 970 1371 πολλοῦς
997 1294 1070 1360 ἐκ
1109 1303 1453 1364 πλουσίων
1488 1298 1773 1383 πένητας
1816 1298 2042 1384 ἐποίη-

110 1417 267 1465 σεν.
326 1392 494 1464 ὅθεν
522 1392 954 1486 ὠλοφύροντο
992 1401 1188 1486 κοινῇ
1211 1398 1337 1485 μὲν
1362 1397 1605 1479 πάντες
1628 1396 1709 1468 τὰ
1737 1397 2044 1487 δημόσια,

113 1504 404 1577 ἕκαστος
434 1499 508 1567 δὲ
536 1496 784 1567 τᾶἴδια
809 1494 1040 1567 αὑτοῦ.

337 1604 757 1690 καταφλέξαν
797 1602 872 1671 δὲ
908 1598 984 1670 τὸ
1023 1606 1158 1691 πῦρ
1197 1602 1315 1671 τόν
1350 1632 1423 1673 τε
1462 1602 1641 1674 νεών
1676 1607 1787 1673 καὶ
1828 1602 2045 1673 πάντα
2068 1622 2106 1675 4

115 1706 249 1777 τὸν
277 1702 659 1793 περίβολον,
688 1705 1070 1794 ἐπενεμήθη
1098 1707 1210 1773 καὶ
1237 1704 1318 1775 τὰ
1348 1717 1623 1777 πλεῖστα
1647 1713 1763 1797 τῆς
1792 1708 2049 1788 πόλεως

57 1840 88 1882 ες
121 1808 592 1880 καὶ-κάλλιστα
621 1814 814 1898 ἔργα,
845 1805 953 1877 ὅτε
980 1809 1092 1876 καὶ
1117 1814 1230 1896 τῆς
1251 1805 1500 1889 Ἑστίας
1526 1816 1647 1881 τοῦ
1682 1808 1815 1880 νει-ὁ
1843 1838 2044 1879 κατα-

121 1914 544 2003 φλεχθέντος
587 1906 720 1980 ὑπὸ
757 1916 880 1980 τοῦ
919 1908 1130 2001 πυρὸς
1173 1912 1539 2000 γυμνωθὲν
1580 1911 1783 2002 ὤφθη
1818 1911 1892 1982 τὸ
1931 1918 2050 2001 τῆς

119 2015 488 2093 Παλλάδος
517 2012 808 2102 ἄγαλμα,
839 2010 876 2083 ὃ
902 2017 1172 2102 σέβουσι
1199 2016 1313 2083 καὶ
1340 2016 1709 2105 κρύπτουσι
1744 2013 2049 2105 Ῥωμαῖοι

121 2118 462 2207 κομισθὲν
487 2114 618 2187 ἀπὸ
657 2125 926 2207 Τροίας,
969 2112 1055 2196 ὥς
1094 2116 1319 2205 λόγος·
1364 2114 1403 2188 ὃ
1438 2119 1586 2191 τότε
1626 2126 1907 2211 πρῶτον·
1934 2120 2049 2187 καὶ

124 2220 300 2313 μετὰ
325 2219 450 2309 τὴν
477 2218 594 2289 ἀπ’
632 2218 828 2290 Ἰλίου
857 2224 922 2301 ἐς
956 2218 1241 2289 Ἰταλίαν
1284 2218 1515 2310 ἄφιξιν
1556 2223 1740 2294 εἶδον
1780 2228 1849 2293 οἰ
1882 2219 2043 2291 καθ’

53 2364 95 2408 20
127 2322 309 2415 ἡμᾶς
361 2323 745 2414 ἄνθρωποι·
801 2319 1180 2414 ἆρπάσασαι
1218 2322 1346 2413 γὰρ
1400 2324 1474 2395 τὸ
1514 2326 1776 2417 ἄγαλμα
1815 2332 1891 2395 αἰ
1932 2331 2048 2415 τῆς
2079 2338 2113 2394 5

1462 2435 1487 2449 0
1570 2437 1591 2461 ρ
1678 2437 1705 2451 .-
1791 2425 1808 2451 e

124 2530 259 2621 τὴν
299 2537 421 2600 τοῦ
461 2534 785 2619 βασιλέως
829 2528 1045 2619 αὐλὴν
1087 2530 1546 2619 μετεκόμισαν.
1626 2536 2050 2621 κατεφλέχθη

129 2637 210 2706 δὲ
237 2636 354 2703 καὶ
385 2632 556 2703 ἄλλα
581 2644 857 2703 πλεῖστα
880 2639 996 2723 τῆς
1025 2633 1279 2714 πόλεως
1303 2637 1469 2724 μέρη
1510 2636 1846 2707 κάλλιστα.
1903 2642 2048 2706 ἰκα-

128 2744 278 2809 νῶν
302 2765 376 2806 τε
402 2734 670 2827 ἡμερῶν
698 2737 913 2806 πάντα
949 2734 1140 2807 ἐπιὸν
1165 2734 1241 2806 τὸ
1268 2744 1403 2827 πῦρ
1433 2742 1828 2829 ἐπεβόσκετο
1847 2762 1861 2776 ·
1890 2737 2053 2808 οὐδὲ

53 2876 100 2916 25
137 2840 474 2931 πρότερον
499 2841 831 2911 ἐπαύσατο
858 2842 1020 2931 πρὶν
1043 2836 1086 2929 ἢ
1107 2844 1617 2929 κατενεχθέντες
1634 2843 1869 2933 ὄμβροι
1896 2842 2046 2912 ἐπέ-

133 2966 296 3033 σχον
325 2941 535 3013 αὐτοῦ
561 2943 686 3033 τὴν
725 2940 956 3033 ὁρμήν.
1037 2939 1206 3014 ὅθεν
1245 2947 1357 3013 καὶ
1395 2943 1469 3015 τὸ
1506 2953 1643 3016 πᾶν
1682 2954 1878 3037 ἔργον
1905 2948 2039 3027 ἐξε-
2076 2958 2112 3012 6

133 3046 471 3136 θειάσθη,
500 3047 958 3117 πιστευόντων
997 3044 1148 3115 κατ’
1197 3050 1415 3118 ἐκεῖνο
1446 3056 1687 3140 καιροῦ
1725 3054 1863 3118 τῶν
1898 3048 2048 3119 τότε

135 3137 530 3241 ἀνθρώπων
554 3147 656 3220 ὅτι
695 3149 927 3239 γνωμῃ
955 3156 1142 3220 θεῶν
1167 3154 1281 3220 καὶ
1309 3153 1589 3240 δυνάμει
1618 3150 1857 3242 ἤρξατό
1881 3180 1953 3221 τε
1978 3149 2053 3219 τὸ

137 3260 276 3345 πῦρ
317 3255 434 3324 καὶ
485 3253 837 3323 ἐπαύσατο.
918 3254 1409 3342 συνεβάλλοντο
1452 3258 1531 3325 δέ
1565 3284 1742 3336 τινες
1783 3258 1879 3340 [ἐκ
1915 3259 2055 3324 τῶν

62 3392 108 3434 ,κο
141 3356 668 3447 κατειληφότων]
715 3359 1024 3446 πολέμων
1066 3375 1343 3446 σημεῖον
1386 3356 1559 3427 εἶναι
1594 3356 1719 3448 τὴν
1760 3363 1881 3428 τοῦ
1921 3349 2055 3427 vs&

138 3467 252 3553 τῆς
281 3461 552 3553 εἰρήνης
569 3457 910 3531 ἀπώλειαν
927 3481 941 3496 ·
968 3457 1050 3529 τὰ
1071 3466 1243 3549 γοῦν
1260 3458 1835 3552 ἀκολουθήσαντα,
1865 3456 1954 3545 ὥς
1980 3464 2057 3531 ἐν
