2475 3859
107 774 138 815 5

81 1288 136 1329 lo

81 1810 134 1851 15

911 164 1357 224 AEYTEPON
2004 164 2080 225 51
2112 223 2119 231 ,

177 364 310 424 μης
335 335 448 403 καὶ
473 339 590 423 τῆς
616 332 992 422 ἐπαλλήλου
1017 336 1094 403 ἐν
1117 351 1261 415 ταῖς
1286 333 1597 417 συνόδοις
1608 342 1787 427 βοῆς,
1818 338 2085 419 εἰκότως

177 435 220 508 ὁ
245 438 504 527 Νίγρος
531 434 994 523 ἄναπεισθείς,
1037 438 1247 529 ῥᾷστά
1282 466 1353 507 τε
1392 433 1574 532 αὐτῷ
1616 437 1697 509 τὰ
1736 441 2084 533 πράγματα

174 538 690 611 ὑπακούσεσθαι
719 540 1194 631 προσδοκήσας,
1217 544 1329 611 καὶ
1355 541 1636 629 μάλιστα
1660 549 1753 637 τῷ
1778 543 1895 614 τὸν
1916 542 2078 615 'Iov—

175 643 418 715 λιανόν
457 640 593 714 ὑπό
625 670 698 712 τε
734 650 872 715 τῶν
911 646 1065 735 περὶ
1103 641 1311 714 αὐτὸν
1348 652 1771 735 στρατιωτῶν
1820 646 2081 737 ἀμελεῖ-

177 760 348 818 σθαι
393 747 560 817 διότι
600 744 715 827 τὰς
753 742 1139 835 ὑποσχέσεις
1177 746 1302 817 οὐκ
1344 749 1633 839 ἐπλήρου
1672 756 1809 820 τῶν
1832 752 2081 843 χρημά-

171 878 348 936 των,
375 847 510 920 ὑπό
543 877 616 919 τε
655 855 777 919 τοῦ
819 850 1032 940 δήμου
1071 864 1642 942 καταφρονεῖσθαι
1688 848 1775 934 ὥς
1814 852 2085 939 ἀνάξιον

170 944 256 1043 ἧς
285 953 536 1043 ἐώνητο
561 950 798 1042 ἀρχῆς,
827 956 1224 1024 ἐπιδίδωσιν
1248 951 1457 1025 αὑτὸν
1497 962 1579 1047 τῇ
1603 963 1719 1045 τῆς
1744 964 2102 1045 βασιλείας

173 1061 421 1127 ἐλπίδι.
526 1054 744 1125 καὶτὰ
770 1056 893 1146 μὲν
921 1063 1148 1148 πρώτα
1173 1056 1318 1126 κατ’
1351 1056 1617 1146 ὀλίγους
1657 1056 1985 1149 ἡγεμόνας
2008 1075 2137 1153 τεΙῚ

171 1163 290 1230 καὶ
317 1160 694 1251 χιλιάρχους
717 1160 873 1240 τούς
899 1186 970 1229 τε
995 1164 1134 1231 τών
1169 1168 1591 1252 στρατιωτῶν
1618 1166 1958 1251 ἐξέχοντας·
1979 1176 2079 1234 οἴ-

175 1270 350 1333 καδε
375 1263 958 1352 μεταπεμπόμενος
987 1267 1319 1352 διελέγετο
1346 1269 1459 1334 καὶ
1500 1264 1851 1351 ἀνέπειθε,
1886 1265 1969 1337 τὰ
2008 1272 2081 1337 ἐκ

169 1373 295 1455 τῆς
325 1363 571 1456 Ῥώμης
608 1366 986 1455 δηλούμενα
1013 1366 1273 1458 φανερὰ
1300 1374 1548 1456 ποιεῖν,
1592 1365 1680 1449 ώς
1717 1365 1803 1439 ἂν
1844 1376 2076 1441 διαθέ-

169 1490 348 1541 ουσα
374 1466 414 1559 ἡ
444 1471 630 1559 φήμη
651 1476 943 1540 ἔκπυστα
963 1473 1076 1539 καὶ
1101 1471 1405 1561 γνώριμα
1432 1478 1587 1562 ποιῇ
1613 1489 1753 1554 τοῖς
1777 1502 1848 1543 τε
1876 1494 2073 1565 στρα-

169 1574 440 1653 τιώταις
467 1576 579 1642 καὶ
606 1590 742 1653 τοῖς
781 1583 1035 1655 λοιποῖς
1071 1572 1238 1643 κατὰ
1273 1573 1397 1664 τὴν
1435 1573 1767 1665 ἀνατολὴν
1806 1575 2074 1667 ἀνθρώ-

173 1699 358 1756 ποις·
405 1673 579 1747 οῧτω
620 1675 746 1767 γὰρ
787 1681 996 1769 ῥᾷστα
1021 1675 1250 1767 ἤλπιζε
1290 1678 1538 1759 πάντας
1564 1676 1746 1773 αὐτῷ
1773 1703 2071 1771 προσχω-
2102 1703 2138 1756 8

175 1780 446 1870 ρήσειν,
486 1784 1046 1870 πυνθανομένους
1085 1777 1184 1849 ὅτι
1236 1778 1325 1869 μὴ
1366 1778 1565 1863 αὐτὸς
1604 1785 1671 1864 ἐξ
1722 1786 2081 1871 ἐπιβουλῆς

169 1890 418 1972 μνᾶται
455 1882 579 1971 τὴν
621 1880 860 1973 ἀρχήν,
917 1880 1084 1953 ἀλλὰ
1121 1883 1527 1972 καλούμενος
1564 1886 1675 1953 καὶ
1718 1884 2080 1975 βοηθήσων

169 1984 402 2057 ἄπεισι
446 1981 785 2076 Ῥωμαίοις
837 1988 1191 2075 δεομένοις.
1274 1984 1677 2077 ἄνεπτόηντο
1718 1988 1793 2057 δὲ
1838 1988 2079 2067 πάντες

171 2092 290 2159 καὶ
333 2090 542 2178 μηδὲν
577 2090 1019 2179 μελλήσαντες
1073 2092 1529 2179 προσέκειντο,
1568 2093 2077 2181 ἐκλιπαροῦντες

171 2196 290 2262 καὶ
315 2190 504 2262 αὐτοὶ
531 2189 1142 2281 ἀντιλαμβάνεσθαι
1169 2198 1305 2263 τῶν
1343 2194 1767 2285 πραγμάτων.
1872 2194 2073 2283 φύσει
2103 2215 2137 2271 9

173 2296 254 2365 δὲ
295 2301 556 2384 κοῦφον
595 2294 670 2365 τὸ
709 2296 960 2385 Σύρων
1000 2302 1231 2379 ἔθνος,
1273 2300 1338 2376 ἐς
1376 2304 1805 2386 καινοτομίαν
1841 2326 1913 2367 τε
1938 2304 2075 2369 τῶν

169 2398 688 2487 καθεστηκότων
743 2399 1138 2489 ἐπιτήδειον.
1215 2402 1377 2489 ἐνῆν
1418 2403 1499 2470 δέ
1540 2428 1639 2481 τις
1690 2398 1912 2481 αὐτοῖς
1962 2404 2075 2471 καὶ

171 2501 388 2582 πόθος
411 2507 532 2573 τοῦ
559 2510 844 2593 Νίγρου,
865 2499 1075 2591 ἠπίως
1099 2529 1172 2570 τε
1195 2500 1508 2591 ἄρχοντος
1534 2500 1759 2590 ἅπασι,
1778 2502 1857 2573 τὰ
1884 2514 2071 2574 πλεῖ-

167 2605 298 2675 στά
323 2633 394 2674 τε
419 2603 642 2685 αὐτοῖς
680 2612 1393 2695 συμπανηγυρίζοντος.
1462 2610 1795 2697 φιλέορτοι
1835 2607 1911 2676 δὲ
1936 2609 2069 2695 φύ-

167 2730 278 2778 σει
304 2708 550 2798 Σύροι·
583 2699 678 2777 ὧν
703 2708 982 2797 μάλιστα
1009 2714 1077 2777 οἱ
1096 2704 1220 2796 τὴν
1251 2704 1653 2803 Ἀντιόχειαν
1678 2716 2069 2779 κατοικοῦν-

105 2840 134 2881 5
171 2838 318 2897 τες,
371 2818 688 2901 μεγίστην
738 2812 936 2881 πόλιν
987 2812 1098 2879 καὶ
1149 2806 1548 2899 εὐδαίμονα,
1602 2810 1843 2901 σχεδὸν
1894 2810 2073 2901 παρὰ

169 2915 394 2984 πάντα
419 2913 536 2984 τὸν
563 2912 1317 3005 ἐνιαυτὸν-ἑορτάζουσιν
1344 2918 1421 2981 ἔν
1445 2940 1516 2982 τε
1552 2919 1633 3003 τῇ
1674 2915 1863 2984 πόλει
1903 2913 2071 3004 αὐτῇ

168 3016 482 3108 καὶκατὰ
506 3014 588 3087 τὰ
615 3018 992 3108 προάστεια.
1071 3018 1235 3095 θέας
1254 3021 1487 3085 τοίνυν
1524 3014 1749 3097 αὐτοῖς
1776 3023 2069 3105 συνεχῶς
2104 3042 2170 3093 10

169 3125 500 3191 ἐπιτελῶν
543 3117 578 3190 ὁ
615 3128 901 3213 Νίγρος,
943 3122 1094 3211 περὶ
1145 3115 1224 3198 ἃς
1271 3119 1549 3207 μάλιστα
1601 3118 2067 3204 ἐσπουδάκασι,

167 3226 288 3293 καὶ
317 3222 547 3305 διδοὺς
573 3220 804 3293 ἄνεσιν
829 3228 898 3305 ἐς
930 3222 1006 3293 τὸ
1049 3221 1374 3311 ἑορτάζειν
1412 3224 1526 3293 καὶ
1562 3220 2068 3315 εὐφραίνεσθαι,

167 3324 290 3399 ἅτε
317 3333 534 3397 ποιῶν
570 3330 1040 3417 κεχαρισμένα,
1069 3325 1337 3406 εἰκότως
1374 3328 1653 3415 ἐτιμᾶτο.
1756 3324 1925 3418 ἅπερ
1966 3332 2061 3395 εἰ·
2098 3338 2133 3401 8

172 3430 342 3518 δώς,
371 3432 654 3511 καλέσας
678 3432 833 3512 τούς
859 3458 930 3500 τε
957 3428 1379 3516 πανταχόθεν
1403 3428 1803 3520 στρατιώτας
1836 3433 1908 3510 ἐς
1946 3433 2063 3519 ρη-

169 3532 300 3623 τὴν
349 3530 636 3627 ἡμέραν,
688 3540 807 3605 τοῦ
856 3560 932 3603 τε
980 3537 1217 3603 λοιποῦ
1268 3532 1571 3622 πλήθους
1604 3533 2073 3620 συνελθόντος,

1667 3650 1705 3709 4
1724 3651 1759 3690 κ
