2475 3859
503 119 582 181 30
1288 124 1641 185 ΠΡΩΤΟΝ

499 298 830 389 τραχήλου
858 294 1281 387 ἑκαρατόμει,
1328 324 1416 375 ως
1456 301 1592 365 τῶν
1634 298 1951 421 κεφαλῶν
1988 292 2413 385 ἀφῃρημένοις
2470 312 2472 339 ἴ

501 397 674 493 ὁρμῇ
700 408 823 471 τοῦ
847 404 1086 489 βέλους
1113 406 1206 468 ἔτι
1237 426 1399 489 περι
1392 410 1551 469 θεῖν
1578 396 1781 480 αὐτὰς
1810 426 1897 479 ως
1924 399 2133 488 μηδὲν
2150 398 2411 467 παθού-

442 515 476 569 6
505 528 643 586 σας.
713 504 1106 595 παρδάλεως
1145 506 1225 573 δέ
1260 529 1420 571 ποτε
1464 500 1755 597 ὀξυτάτω
1798 503 2023 595 δρόμῳ
2062 499 2180 572 τὸν
2222 504 2411 570 ἐκκα-

500 609 829 697 λούμενον
855 606 1379 694 καταλαβούσης,
1400 606 1669 694 φθάσας
1695 612 1788 700 τῷ
1816 602 2101 697 ἀκοντίῳ
2129 607 2409 693 μέλλου-

499 734 628 783 σαν
667 711 1022 802 δήξεσθαι,
1062 706 1187 798 τὴν
1237 709 1363 797 μὲν
1402 705 1749 779 ἀπέκτεινε
1788 707 1908 779 τὸν
1950 709 2023 778 δὲ
2067 708 2407 798 ἐρρύσατο,
2438 735 2453 773 5

499 812 769 905 φθάσας
795 819 874 902 τῇ
901 818 1024 882 τοῦ
1052 811 1327 900 δόρατος
1342 818 1545 901 αἰχμῇ
1566 812 1841 902 τὴντῶν
1860 809 2159 883 ὀδόντων
2173 808 2409 900 ἀκμήν.

497 916 790 987 λεόντων
819 920 899 987 δέ
923 943 1080 985 ποτε
1115 919 1180 999 ἐξ
1207 912 1561 1002 ὑπογαίων
1590 905 1827 987 ἑκατὸν
1854 913 2413 1007 ἆναρριφθέντων

500 1028 883 1112 ἰσαρίθμοις
909 1018 1241 1100 ἀκοντίοις
1270 1019 1521 1101 πάντας
1548 1017 1961 1105 ἀπέκτεινεν,
1993 1014 2081 1099 ὥς
2108 1020 2216 1085 ἐπὶ
2248 1014 2412 1087 πολὺ

495 1127 824 1213 κειμένων
863 1129 1000 1193 τῶν
1039 1123 1413 1212 πτωμάτων
1454 1120 1547 1192 δι’
1592 1120 1757 1194 αὐτὸ
1795 1128 1992 1192 τοῦτο
2032 1122 2139 1190 ἐπὶ
2179 1126 2410 1208 σχολῆς

496 1228 746 1307 πάντας
773 1225 1143 1318 ἀριθμῆσαι
1165 1228 1278 1295 καὶ
1298 1227 1512 1315 μηδὲν
1540 1233 1714 1296 ἰδεῖν
1741 1223 2051 1317 περιττὸν
2077 1221 2405 1293 ἀκόντιον.
2434 1248 2447 1286 1

434 1347 466 1402 7
699 1334 888 1421 μέχρι
902 1330 1027 1419 μὲν
1055 1320 1180 1398 οὖν
1205 1327 1486 1416 τούτων,
1505 1336 1567 1399 εἰ
1591 1332 1701 1399 καὶ
1729 1337 2069 1418 βασιλείας
2096 1325 2173 1396 τὰ
2200 1352 2406 1415 πρατ-

495 1434 740 1524 τόμενα
787 1426 873 1523 ἦν
917 1431 1264 1523 ἀλλότρια,
1312 1430 1488 1521 πλὴν
1540 1428 1853 1525 ἀνδρείας
1906 1434 2017 1501 καὶ
2073 1427 2409 1517 εὐστοχίας

497 1536 675 1625 παρὰ
720 1554 858 1617 τοῖς
899 1535 1281 1625 δημιόδεσιν
1333 1534 1471 1623 εἶχέ
1507 1564 1658 1606 τινα
1703 1536 1929 1627 χάριν·
1988 1536 2131 1605 ἐπεὶ
2178 1533 2251 1602 δὲ
2299 1534 2409 1600 καὶ

495 1638 746 1731 γυμνὸς
775 1644 840 1720 ἐς
865 1637 940 1709 τὸ
967 1638 1433 1730 ἀμφιθέατρον
1476 1646 1793 1727 εἰσῆλθεν
1833 1636 2004 1711 ὅπλα
2044 1666 2115 1707 τε
2155 1633 2404 1705 ’ἀναλα-

493 1742 637 1833 βων
665 1742 1054 1832 ἐμονομάχει
1071 1796 1088 1828 ,
1117 1741 1265 1812 τότε
1294 1741 1707 1833 σκυθρωπὸν
1736 1742 1919 1812 εἶδεν
1944 1738 1979 1811 ὁ
2010 1747 2212 1831 δῆμος
2234 1742 2401 1809 θέα-
2436 1766 2465 1805 ιε

493 1878 615 1939 μα,
644 1844 761 1916 τὸν
790 1844 1031 1936 εὐγενῆ
1067 1842 1405 1935 Ῥωμαίων
1432 1849 1729 1933 βασιλέα,
1758 1842 1921 1934 μετὰ
1948 1849 2231 1915 τοσαῦτα
2250 1842 2401 1932 τρό-

493 1979 658 2021 παια
705 1950 951 2040 πατρός
994 1978 1067 2019 τε
1113 1951 1224 2019 καὶ
1272 1949 1659 2038 προγόνων,
1700 1945 1825 2018 οὐκ
1871 1951 1981 2017 ἐπὶ
2027 1945 2406 2038 βαρβάρους
2470 2002 2473 2031 ,

492 2052 666 2124 οπλα
691 2054 1118 2142 λαμβάνοντα
1145 2050 1583 2142 στρατιωτικά
1609 2048 1652 2141 ἢ
1686 2047 2022 2142 Ῥωμαίων
2048 2048 2215 2141 ἀρχῇ
2242 2052 2402 2138 πρέ·
2471 2058 2472 2067 ’

493 2184 738 2243 ποντα,
767 2162 1265 2245 καθυβρίζοντα
1294 2155 1370 2224 δε
1396 2152 1471 2223 τὸ
1510 2152 1765 2243 ἀξίωμα
1808 2162 2119 2248 αἰσχίστω
2148 2154 2257 2222 καὶ
2286 2180 2401 2240 με-

430 2280 466 2333 8
495 2263 832 2352 μιασμένω
876 2257 1174 2348 σχήματι.
1280 2254 1319 2326 ὃ
1370 2286 1493 2345 μεν
1544 2286 1670 2328 ουν
1710 2286 2107 2347 μονομαχων
2132 2260 2401 2347 ρᾳδίως
2431 2264 2472 2322 κ’

489 2368 626 2432 τῶν
651 2360 1168 2448 ἀνταγωνιστῶν
1196 2363 1639 2450 περιεγένετο,
1659 2363 1769 2431 καὶ
1790 2365 1979 2451 μέχρι
2008 2358 2403 2451 τραυμάτων

491 2466 889 2556 προεχώρει,
917 2461 1341 2534 ὑπεικόντων
1368 2460 1685 2535 ἁπάντων
1713 2468 1825 2535 καὶ
1852 2463 1969 2535 τὸν
1994 2466 2293 2552 βασιλέα,
2324 2458 2403 2531 οὗ
2470 2468 2472 2481 ²

425 2602 433 2611 ⁸
485 2567 605 2639 τὸν
632 2567 1008 2658 μονομάχον
1035 2567 1473 2637 ἐννοούντων.
1541 2572 1607 2648 ἐς
1631 2575 1952 2639 τοσοῦτον
1994 2566 2069 2636 δὲ
2106 2565 2399 2655 προεχώ-

489 2692 648 2763 ρησε
675 2680 914 2763 μανίας
943 2666 1030 2751 ὥς
1056 2675 1287 2761 μηκέτι
1315 2672 1685 2760 βούλεσθαι
1714 2671 1881 2761 μηδὲ
1908 2669 2033 2761 τὴν
2062 2678 2401 2758 βασίλειον
2470 2722 2472 2757 3

486 2784 698 2847 οἰκεῖν
726 2778 950 2845 ἑστίαν
967 2797 982 2811 ·
1013 2772 1181 2845 ἀλλὰ
1207 2773 1337 2865 γάρ
1364 2781 1871 2864 μετοικισθῆναι
1890 2773 2202 2863 ἐβούλετο
2232 2777 2297 2853 ἐς
2324 2770 2395 2841 τό
2426 2774 2472 2837 25³

483 2885 622 2950 τῶν
647 2879 1044 2970 μονομάχων
1074 2879 1514 2967 καταγώγιον.
1572 2876 1812 2948 ἑαυτὸν
1840 2878 1915 2947 δὲ
1942 2875 2165 2947 οὐκέτι
2184 2873 2395 2964 -Ἡρα-

485 2986 676 3070 κλέα,
705 2980 874 3052 ἀλλὰ
914 2988 1052 3052 τῶν
1091 2982 1655 3071 μονομαχούντων
1696 2980 1973 3063 ἐνδόξου
2012 2978 2192 3059 τινὸς
2218 3007 2393 3069 προ·
2470 3050 2472 3053 ⁴

423 3101 457 3154 9
485 3084 1026 3174 τετελευτηκότος
1078 3083 1353 3173 ὀνόματι
1398 3094 1755 3155 καλεῖσθαι
1798 3087 2172 3177 προσέταξε.
2279 3088 2396 3152 τοῦ

483 3191 559 3260 δὲ
599 3196 914 3278 μεγίστου
969 3186 1343 3277 ἀγάλματος
1394 3195 1849 3274 κολοσσιαίου,
1905 3185 2068 3277 ὅπερ
2122 3188 2391 3274 σέβουσι
2470 3246 2472 3267 1

469 3289 773 3381 Ῥωμαῖοι
801 3290 1030 3361 εἰκόνα
1056 3294 1269 3380 φέρον
1293 3286 1489 3379 ἡλίου
1505 3342 1525 3377 ,
1554 3290 1677 3379 τὴν
1702 3288 2006 3381 κεφαλὴν
2044 3287 2393 3378 ἄποτεμών
2419 3286 2472 3353 3⁰³

480 3394 796 3485 ἱδρύσατο
827 3396 1102 3481 ἑαυτοῦ,
1129 3389 1526 3482 ὑπογράψας
1560 3400 1643 3483 τῇ
1669 3395 1861 3482 βάσει
1903 3391 2071 3483 [οὐχ]
2118 3390 2196 3473 ἃς
2240 3394 2389 3465 εἰω’-
