2475 3859
434 84 518 149 46
1176 87 1629 151 ΔΕΥΤΕΡΟΝ

437 260 714 351 σχήματι
741 262 855 331 καὶ
881 267 1106 351 τηρῶν
1130 258 1206 331 τὸ
1231 266 1355 331 τοῦ
1384 265 1711 348 βασιλέως
1736 261 2024 353 ἀξίωμα,
2052 260 2271 334 οὐδέν
2298 290 2365 334 τι

435 365 914 454 κατεπτηχότος
976 362 1136 434 οὐδὲ
1199 359 1715 449 ἀποδειλιῶντος
1770 369 1885 437 καὶ
1937 366 2365 449 ἱκετεύοντος

436 474 654 558 σχῆμα
681 468 1213 557 ἐνδεικνύμενος.

375 590 410 645 6
631 567 750 640 “va
793 571 918 661 μὲν
957 568 1111 662 ἐμέ”
1145 576 1275 659 ἔφη
1306 566 1515 661 “πρός
1540 568 1735 661 ὑμῶν
1758 568 2202 663 ἀναιρεθῆναι
2234 570 2361 642 οῦ-

435 677 555 745 δέν
589 701 654 743 τι
680 677 848 762 μέγα
873 670 916 763 ἢ
942 672 1118 765 βαρὺ
1147 675 1489 766 πρεσβύτῃ
1532 680 1599 756 ἐς
1624 673 1881 767 μακρὸν
1918 680 2125 765 γῆρας
2152 677 2359 746 ἐνδό-
2389 698 2409 738 5

435 782 560 861 ξως
587 777 927 847 ἐλάσαντι·
958 780 1159 849 παντὶ
1186 776 1317 868 γὰρ
1342 776 1735 871 ἀνθρώπων
1774 788 1901 875 βίῳ
1940 775 2197 867 ἀνάγκη
2242 783 2359 850 τέ-

433 890 546 959 λος
586 884 1012 971 ἐπιτεθῆναι·
1039 880 1114 951 τὸ
1155 882 1232 951 δὲ
1266 876 1470 970 ὑμᾶς,
1511 882 1816 973 φύλακας
1856 885 1969 953 καὶ
2007 883 2363 973 φρουροὺς

435 990 800 1067 δοκοῦντας
827 984 1003 1055 εἶναι
1028 990 1150 1055 τοῦ
1189 988 1517 1073 βασιλέως
1557 989 1670 1056 καὶ
1706 985 1863 1068 τοὺς
1902 988 2157 1069 ἔξωθεν
2198 1012 2355 1056 κιν-

436 1086 685 1168 δύνους
711 1084 1182 1178 ἀπείργοντας,
1210 1085 1460 1169 αὐτοὺς
1486 1092 1808 1177 γενέσθαι
1836 1105 2088 1180 φονεῖς,
2117 1091 2231 1158 καὶ
2262 1090 2355 1180 μὴ

434 1190 644 1281 μόνον
670 1194 974 1287 ἐμφυλίῳ
1001 1189 1170 1263 ἀλλὰ
1195 1194 1308 1261 καὶ
1348 1200 1665 1287 βασιλείῳ
1704 1200 1935 1281 μιᾶναι
1976 1190 2091 1274 τὰς
2130 1192 2357 1276 δεξιὰς
2386 1213 2419 1253 ¹·

434 1300 692 1384 αἵματι,
731 1290 930 1384 ὁρᾶτε
972 1293 1060 1385 μὴ
1099 1294 1266 1386 πρὸς
1300 1293 1377 1365 τὸ
1430 1302 1562 1367 νῦν
1601 1294 1877 1367 ἀνόσιον
1915 1299 2027 1367 καὶ
2066 1292 2356 1387 ὕστερον

432 1394 598 1487 ὑμῖν
625 1401 1062 1469 ἐπικίνδυνον
1084 1389 1148 1488 ᾗ.
1203 1396 1287 1469 οὗ
1324 1399 1451 1490 γάρ
1490 1428 1556 1470 τι
1597 1404 1860 1494 ἐμαυτῷ
1897 1400 2183 1470 σύνοιδα
2225 1410 2351 1470 λυ-

375 1508 407 1563 7
437 1501 724 1591 πήσαντι
759 1496 951 1591 ὑμᾶς.
1057 1508 1121 1571 εἰ
1157 1502 1232 1572 δὲ
1272 1506 1385 1572 καὶ
1424 1505 1534 1573 ἐπὶ
1571 1508 1653 1594 τῇ
1688 1510 1810 1574 τοῦ
1834 1503 2201 1594 Κομμόδου
2240 1532 2348 1574 τε·

433 1609 636 1694 λευτῇ
694 1611 1164 1697 δυσχεραίνετε
1180 1657 1199 1691 ,
1254 1603 1461 1676 οὐδὲν
1512 1606 1889 1698 παράδοξον
1903 1660 1922 1694 ,
1978 1604 2351 1696 ἄνθρωπον

429 1707 592 1779 ὄντα
619 1712 683 1778 εἰ
704 1706 982 1799 τελευτὴ
1008 1712 1394 1799 κατέλαβεν.
1450 1716 1515 1779 εί
1538 1712 1615 1781 δὲ
1652 1716 1847 1779 τοῦτο
1886 1714 1952 1793 ἐξ
1990 1715 2351 1799 ἐπιβουλῆς
2380 1732 2413 1773 ¹⁵

430 1823 659 1883 οἴεσθε
687 1818 1127 1903 γεγενῆσθαι,
1167 1810 1291 1883 οὐκ
1320 1810 1480 1903 ἐμὸν
1502 1812 1579 1884 τὸ
1616 1810 1997 1904 ἁμάρτημα·
2042 1824 2183 1883 ἴστε
2222 1842 2351 1904 γαρ
2434 1842 2436 1878 ÷

432 1920 556 1999 ἔξω
595 1916 807 2006 πάσης
843 1915 1006 1987 όντα
1045 1944 1127 2005 με
1165 1913 1461 1999 υποψίας
1500 1920 1613 1987 καὶ
1652 1915 1856 1986 οὐδὲν
1910 1906 2110 2005 ἧττον
2150 1912 2349 2005 ὑμῶν

434 2018 811 2107 ἀγνοοῦντα
835 2048 916 2089 τα
941 2020 1092 2090 τότε
1117 2022 1585 2108 πεπραγμένα,
1616 2016 1703 2100 ῶς
1733 2031 1801 2090 εἴ
1818 2046 1882 2088 τι
1910 2016 2345 2105 υποπτεύετε,

371 2130 408 2185 8
438 2124 683 2212 ἑτέροις
711 2125 1058 2213 ἐπιφέρειν
1083 2120 1158 2191 τὸ
1201 2129 1515 2210 ἔγκλημα.
1619 2120 1769 2195 ἀλλ’
1810 2120 1988 2212 ὅμως
2028 2119 2349 2193 κάκείνου

431 2224 946 2314 τελευτήσαντος
995 2221 1200 2295 οὐδὲν
1250 2220 1415 2313 υμῖν
1466 2230 1606 2295 τῶν
1650 2224 1998 2314 εὐπρεπῶς
2038 2229 2152 2296 καὶ
2186 2224 2338 2296 κατ’
2372 2250 2415 2291 w

431 2325 624 2410 ἀξίαν
671 2330 786 2397 καὶ
821 2326 1004 2397 ἄνευ
1054 2333 1176 2397 τοῦ
1228 2328 1584 2417 βιάζεσθαί
1628 2358 1710 2419 με
1760 2325 1806 2419 ἢ
1860 2325 2179 2419 ἁρπάζειν
2233 2333 2342 2399 ε’ν-

435 2428 715 2520 δεήσει.”

631 2531 906 2603 τοιαῦτά
928 2560 1081 2603 τινα
1107 2537 1331 2622 λέγειν
1356 2531 1583 2615 αὐτοῖς
1621 2532 2031 2624 πειρώμενος
2070 2530 2201 2623 ἤδη
2244 2560 2341 2601 τι·

429 2635 546 2717 νὰς
573 2632 800 2705 αὐτῶν
822 2637 936 2705 καὶ
961 2646 1221 2707 πείσειν
1252 2645 1513 2727 ἔμελλε,
1540 2640 1653 2707 καὶ
1678 2635 1804 2707 οὐκ
1830 2634 2043 2725 ὀλίγοι
2070 2663 2146 2722 γε
2172 2632 2337 2705 ἄπο-

429 2743 833 2831 στραφέντες
874 2737 1293 2831 ἀνεχώρουν,
1321 2746 1574 2830 σεμνοῦ
1617 2743 1941 2829 βασιλέως
1978 2744 2187 2829 γῆρας
2230 2745 2333 2809 αἰ·
2366 2759 2409 2802 ²⁵

432 2845 749 2932 δούμενοι
769 2864 784 2879 ·
815 2850 912 2913 ἔτι
941 2844 1016 2913 δὲ
1043 2851 1375 2915 λαλοῦντα
1401 2843 1521 2915 τὸν
1560 2844 1945 2933 πρεσβύτην
1986 2842 2336 2913 ἐπιπεσόν-

371 2970 404 3023 9
430 2973 536 3027 τες
563 2945 951 3036 φονεύουσι.
1009 2950 1372 3037 δράσαντες
1398 2976 1471 3018 τε
1499 2944 1711 3027 οὕτως
1738 2945 1923 3037 ὠμὸν
1950 2953 2170 3037 ἔργον,
2202 2948 2337 3015 δέει

327 3055 634 3135 ,ζ;,ἶξξ,,τῶν
650 3051 1155 3139 τετολμημένων
1182 3052 1444 3140 φθάσαι
1470 3053 1786 3131 θέλοντες
1811 3049 1935 3141 τὴν
1961 3055 2081 3120 τοῦ
2122 3048 2336 3137 δήμου

369 3146 461 3179 ω’·
494 3160 765 3242 ἔφοδον,
783 3154 1213 3241 ἐπιστάμενοί
1232 3181 1307 3223 τε
1330 3150 1434 3223 ὅτι
1459 3160 1760 3241 χαλεπῶς
1774 3152 1848 3225 τὸ
1877 3160 2137 3243 πλῆθος
2162 3157 2329 3220 διοί-

427 3277 530 3326 σει
569 3253 650 3325 vo}
689 3259 1157 3347 πεπραγμένα,
1195 3259 1262 3335 ἐς
1297 3254 1371 3324 τὸ
1409 3255 1861 3344 στρατόπεδον
1904 3257 2127 3349 δρόμῳ
2166 3251 2328 3324 ἀνα-
2361 3276 2405 3317 ³⁰

425 3357 840 3449 χωρήσαντες
877 3358 1089 3438 πάσας
1133 3358 1349 3439 πύλας
1402 3386 1474 3427 τε
1526 3360 1639 3427 καὶ
1680 3360 1983 3441 εἰσόδους
2020 3357 2328 3429 ἀποκλεί-

424 3480 658 3541 σαντες
675 3458 858 3542 ἐντός
881 3468 1138 3547 τείχους
1165 3466 1426 3550 ἔμενον,
1449 3461 1749 3554 φρουρὰς
1767 3467 2030 3536 ἐπὶτῶν
2056 3462 2331 3551 πύργων
