2475 3859
1004 88 1358 188 ὀΓΛοοΝ
1796 137 1808 152 “
2006 129 2123 211 193

207 299 320 368 καὶ
343 295 564 378 ἄλλως
589 300 928 386 αἰδέσιμος
955 293 1074 384 ὤν,
1107 305 1185 368 ἔν
1213 324 1288 370 τε
1312 304 1397 388 τῇ
1422 293 1759 387 Ῥωμαίων
1784 307 1981 390 φωνῇ
2010 299 2128 371 εὐ-

209 402 594 488 πρόσφορος
617 404 694 472 ἐν
732 402 989 490 λόγοις,
1035 405 1345 482 ἐπιεικῶς
1384 429 1457 471 τε
1496 399 1729 472 ἀὐτῶν
1766 405 2124 492 προεστώς,

207 512 431 576 ἔπεισε
455 507 686 594 μένειν
713 509 790 576 ἐν
815 521 954 586 τοῖς
977 507 1441 594 προκειμένοις
1454 556 1473 591 ,
1502 504 1663 588 τούς
1701 533 1775 578 τε
1810 509 2125 596 πρέσβεις

207 604 588 697 ἀπράκτους
621 603 890 678 ἀπιέναι
919 609 1293 678 ἐκέλευσεν.
1354 609 1619 697 ἐλέγετο
1646 610 1723 680 δὲ
1760 617 1843 700 τῇ
1886 609 2123 680 ἐνστά-

145 745 174 784 ε
209 731 310 782 σει
333 717 458 782 τοῦ
483 713 781 800 πολέμου
807 713 1333 800 έμμεμενηκέναι
1358 719 1633 783 πολλῶν
1674 718 1874 784 ἔνδον
1902 709 2123 784 ὄντων

203 816 359 902 περὶ
383 814 677 903 θυτικήν
713 841 786 884 τε
825 816 938 884 καὶ
975 810 1481 902 ἡπατοσκοπίαν
1520 817 1887 908 ἐμπείρων,
1931 815 2015 886 τά
2050 844 2125 888 τε

205 916 352 1006 ἱερὰ
395 927 578 988 αἴσια
633 913 1228 1007 ἀπαγγελλόντων·
1274 917 1557 1006 μάλιστα
1592 917 1723 1008 γάρ
1764 927 1845 1010 τῇ
1886 921 2123 1000 σκέψει

201 1020 408 1112 ταύτῃ
433 1018 872 1092 πιστεύουσιν
897 1017 1278 1090 Ἰταλιῶται.
1382 1022 1495 1090 καὶ
1520 1025 1801 1111 χρησμοὶ
1827 1025 1910 1092 δέ
1942 1050 2121 1104 τινες
2145 1034 2181 1088 8

199 1127 506 1196 ἐδίδοντο
535 1119 628 1206 ὥς
655 1122 740 1213 δὴ
767 1129 890 1194 τοῦ
915 1126 1281 1213 ἐπιχωρίου
1306 1130 1480 1194 θεοῦ
1508 1131 1710 1214 νίκην
1746 1122 2121 1213 ὑπισχνου-

125 1264 172 1305 10
201 1230 440 1316 μένου·
467 1229 672 1298 Βέλιν
711 1227 790 1297 δὲ
829 1232 1114 1298 καλοῦσι
1159 1232 1434 1314 τοῦτον,
1468 1229 1753 1316 σέβουσί
1786 1254 1861 1299 τε
1904 1225 2119 1319 ὑπερ-

203 1337 426 1419 φυῶς,
451 1326 838 1400 Ἀπόλλωνα
863 1329 1036 1400 εἶναι
1063 1331 1434 1411 ἐθέλοντες.
1480 1320 1564 1402 οὗ
1592 1335 1707 1402 καὶ
1732 1329 1857 1420 τὴν
1890 1331 2119 1404 εἰκόνα

197 1432 434 1521 ἔλεγόν
472 1459 650 1514 τινες
693 1439 832 1504 τῶν
879 1436 1273 1522 Μαξιμίνου
1338 1441 1765 1524 στρατιωτῶν
1818 1442 2119 1524 φανῆναι

197 1535 518 1617 πολλάκις
543 1539 618 1606 έν
643 1530 792 1626 ἀέρι
817 1532 990 1625 ὑπὲρ
1028 1541 1146 1624 τῆς
1181 1533 1441 1616 πόλεως
1466 1539 1864 1626 μαχομένην.
1946 1534 2115 1627 ὅπερ
2143 1550 2178 1605 9

197 1649 331 1710 εἴτε
357 1636 632 1728 ἀληθῶς
656 1637 1049 1728 έφαντάσθη
1079 1644 1290 1725 τισίν,
1327 1632 1373 1726 ἦ
1398 1639 1515 1708 καὶ
1546 1643 1986 1728 βουλομένοις
2022 1640 2115 1730 μὴ

117 1777 162 1818 15
197 1739 600 1834 ἀσχημονεῖν
645 1748 970 1814 τοσοῦτον
1016 1739 1307 1832 στρατὸν
1342 1738 1513 1830 πρὸς
1562 1739 1761 1831 ὄχλον
1802 1747 2115 1868 δημοτῶν

193 1846 370 1917 πολὺ
407 1845 727 1916 ἐλάττονα
761 1844 854 1935 μὴ
893 1842 1323 1934 ἀντισχόντα,
1362 1848 1591 1916 δοκεῖν
1634 1844 1712 1916 δὲ
1750 1841 1883 1916 ὑπὸ
1924 1852 2114 1916 θεῶν

193 1946 365 2020 ἀλλὰ
421 1947 510 2038 μὴ
577 1944 714 2020 ὑπὸ
769 1945 1160 2039 ἀνθρώπων
1211 1954 1649 2036 νενικῆσθαι,
1710 1954 1933 2019 εἰπεῖν
1986 1946 2113 2037 οὐχ

193 2050 464 2140 ἔχω·τό
488 2051 566 2123 δὲ
591 2050 970 2144 παράδοξον
995 2057 1112 2142 τῆς
1127 2048 1518 2140 ἀποβάσεως
1546 2039 1733 2122 ποιεῖ
1754 2050 1971 2122 πάντα
1996 2079 2113 2122 πι-

191 2162 490 2227 στεῦσαι.

105 2295 157 2334 2⁰
395 2257 574 2346 πλὴν
599 2264 739 2328 τῶν
769 2252 1182 2347 πρέσβεων’
1145 2254 1507 2345 ἀπράκτων
1532 2252 1701 2346 πρὸς
1726 2260 2109 2345 Μαξιμτνον
2136 2269 2173 2326 4

186 2361 738 2448 ἐπανελθόντων,
805 2357 978 2452 ὀργῇ
1037 2362 1150 2430 καὶ
1203 2366 1407 2453 θυμῷ
1460 2358 1800 2448 χρώμενος
1850 2369 2112 2432 πλείονι

185 2471 445 2553 μᾶλλον
469 2462 800 2553 ἠπείγετο.
867 2465 1014 2534 ἐπεὶ
1043 2461 1120 2533 δὲ
1160 2465 1423 2551 ἐγένετο
1461 2461 1631 2551 πρός
1664 2490 1799 2533 τινι
1836 2471 2111 2556 ποταμῷ

183 2575 512 2660 μεγίστω,
541 2564 852 2656 ἀπέχοντι
877 2572 994 2654 τῆς
1031 2563 1287 2647 πόλεως
1323 2581 1565 2656 σημεῖα
1606 2568 1993 2652 ἑκκαίδεκα,
2034 2567 2110 2637 τὸ

184 2675 471 2760 ῥεῖθρον
521 2659 682 2760 εὗρε
723 2667 840 2740 διά
879 2695 952 2739 τε
992 2675 1315 2759 μεγίστου
1356 2669 1621 2759 βάθους
1660 2671 1777 2738 καὶ
1816 2668 2111 2750 πλάτους

97 2807 152 2848 π
187 2774 606 2866 φερόμενον·
661 2799 800 2842 των
851 2771 981 2861 γὰρ
1029 2767 1539 2864 ὑπερκειμένων
1596 2768 1781 2858 ὅρων
1831 2767 1979 2852 τάς-
2004 2770 2099 2842 δι’
2135 2789 2171 2842 2

181 2875 354 2950 ολου
393 2883 516 2948 τοῦ
567 2881 892 2966 χειμῶνος
935 2881 1257 2964 παγείσας
1305 2875 1535 2964 χιόνας
1574 2872 1833 2944 λύουσα
1886 2899 1929 2960 η
1980 2883 2104 2944 τοῦ

181 2990 378 3064 ἔτους
397 3007 540 3069 ωρα
565 2981 962 3070 παμμεγέθη
987 2976 1110 3048 τὸν
1132 2977 1541 3068 χειμάρρουν
1558 2974 1907 3067 εἰργάζετο.
1936 3003 2107 3048 απο-

179 3113 302 3176 ρος
329 3111 458 3156 ουν
482 3072 570 3172 ἦν
593 3112 638 3174 η
663 3082 972 3174 διάβασις
996 3107 1090 3174 τω
1117 3088 1411 3207 στρατῷ
1454 3079 1579 3168 τὴν
1614 3077 1745 3168 γὰρ
1772 3079 2103 3171 γέφυραν,

178 3195 388 3278 ἔργον
425 3189 596 3276 μέγα
631 3187 748 3256 καὶ
791 3185 1149 3256 κάλλιστον
1185 3181 1323 3256 υπὸ
1362 3190 1499 3256 τῶν
1534 3183 1741 3254 πάλαι
1772 3187 2107 3270 βασιλέων

89 3313 144 3354 ³⁰
179 3291 636 3381 γεγενημένον
661 3291 736 3360 ἐκ
761 3290 1185 3378 τετραπέδων
1209 3295 1465 3375 λίθων,
1492 3292 1729 3358 πυλίσι
1766 3284 1914 3354 κατ’
1956 3286 2106 3358 ὀλί-

174 3422 309 3482 γον
379 3390 863 3482 αὖξανομέναις
923 3386 1453 3481 ὑπειλημμένον,
1520 3389 1929 3482 διηρήκεσαν
1990 3394 2105 3462 καὶ

173 3495 721 3570 καταλελύκεσαν
743 3500 818 3566 οἱ
846 3492 1242 3584 Ἀκυλήσιοι.
1310 3490 1469 3568 οὔτε
1498 3485 1625 3566 οὖν
1654 3490 1954 3584 γεφύρας
1980 3493 2105 3566 οὕ-

277 3631 639 3674 mmmmm.
1716 3609 1790 3671 13
