2475 3859
350 137 470 199 166
1075 137 1523 201 EBAOMON

345 321 658 384 πλειστον
695 314 812 382 καὶ
847 313 1133 396 τοξοτῶν
1175 309 1561 401 Ὀσροηνῶν
1598 337 1671 382 τε
1716 313 1831 382 καὶ
1869 307 2259 401 Ἀρμενίων,

349 409 449 487 ῶν
473 409 647 506 ἦσαν
675 423 744 486 οἳ
757 411 950 505 ‘dv‘
911 415 1198 505 υπήκοοι
1229 424 1302 486 οἳ
1322 416 1397 485 δὲ
1426 421 1613 504 φίλοι
1638 415 1753 484 καὶ
1778 413 2128 505 σύμμαχοι,
2146 419 2261 485 καὶ

351 530 420 592 εί
437 548 614 603 τινες
635 525 1060 606 Παρθυαίων
1099 514 1144 609 ἢ
1169 519 1459 608 χρήμασι
1498 520 1887 624 πεισθέντες
1912 521 2025 588 καὶ
2054 515 2263 588 αὖτο-

351 623 757 713 μολήσαντες
785 651 827 711 η
798 617 1231 712 ”ληφθέντες
1270 599 1671 710 αἰχμάλωτοι
1700 617 2041 710 Ρωμαίοις
2064 622 2265 692 ἐδού-

288 735 323 788 2
353 737 575 798 λευον.
678 723 762 796 τὰ
799 724 876 795 δὲ
914 724 1142 814 πλήθη
1177 733 1387 795 ταῦτα
1414 732 1537 794 τοῦ
1565 731 1851 813 στρατοῦ
1882 727 1997 795 καὶ
1990 723 2321 850 πρότε-ι

349 858 474 920 ρον
511 825 644 900 ὑπὸ
671 825 1112 919 Ἀλεξάνδρου
1151 824 1509 917 ἤθροιστο,
1550 823 1814 916 ηὐξήθη
1862 825 1929 896 δ’
1968 823 2105 898 υπὸ
2144 834 2269 898 τοῦ

350 936 739 1021 Μαξιμίνον
769 935 884 1002 καὶ
922 934 989 1014 ἐς
1031 929 1397 1021 πολεμικὴν
1436 928 1719 1019 ἄσκησιν
1756 929 2269 1019 συγκεκρότητο.

348 1036 630 1126 μάλιστα
657 1035 733 1106 δὲ
753 1041 822 1104 οἰ
851 1031 1234 1106 ἀκοντισταὶ
1258 1036 1373 1104 καὶ
1400 1040 1470 1104 οί
1492 1032 1745 1116 τοξόται
1774 1032 1942 1122 πρὸς
1964 1032 2081 1114 τὰς
2096 1041 2273 1123 Γερ-

355 1147 590 1230 μανῶν
633 1138 845 1227 μάχας
885 1137 1253 1227 ἐπιτήδειοι
1304 1142 1663 1224 δοκοῦσιν,
1705 1139 2161 1227 ἐπιτρέχοντες
2200 1163 2273 1205 τε

357 1239 587 1323 αὐτοῖς
617 1241 892 1332 κούφως
919 1237 1004 1310 οῦ
1032 1245 1455 1330 προσδοκῶσι
1480 1242 1595 1310 καὶ
1622 1237 2125 1329 ἀναχωροῦντες
2148 1243 2269 1330 ῥα·
2302 1267 2342 1308 ιο

297 1355 333 1408 3
361 1352 541 1428 δίως.
644 1343 1004 1432 γενόμενος
1031 1344 1108 1414 δὲ
1146 1346 1221 1413 ἐν
1260 1350 1343 1433 τῇ
1381 1349 1667 1434 πολεμίᾳ
1702 1345 2079 1430 Μαξιμτνος
2106 1351 2273 1412 πολ-

359 1446 486 1536 λὴν
518 1453 650 1536 γῆν
689 1449 1020 1535 ἐπῆλθεν,
1063 1443 1347 1528 οὐδενὸς
1384 1444 1569 1538 αὐτῷ
1610 1443 2064 1533 ἆνθεστῶτος,
2106 1442 2275 1517 ἀλλὰ
2406 1441 2413 1456 ’

359 1558 498 1622 τῶν
538 1548 902 1640 βαρβαρων
939 1546 1566 1640 ἀνακεχωρηκότων.
1625 1545 1833 1639 ἐδῄου
1870 1576 1941 1618 τε
1985 1540 2113 1618 οὖν
2148 1554 2279 1618 πᾶ·-

361 1676 488 1726 σαν
515 1680 638 1742 την
663 1653 921 1743 χώραν,
947 1653 1229 1742 μάλιστα
1257 1659 1393 1722 τῶν
1422 1659 1633 1741 ληίων
1660 1648 2121 1740 ἀκμαζόντων,
2164 1651 2277 1732 τάς

2400 305 2412 362 ‹

2409 513 2412 580 .

359 1785 433 1828 τε
451 1757 675 1846 κώμας
701 1754 1032 1847 ἐμπιπρὰς
1058 1755 1445 1846 διαρπάζειν
1471 1759 1705 1826 ἐδίδου
1730 1762 1823 1848 τῷ
1850 1762 2128 1848 στρατῶ.
2160 1751 2277 1824 εύ-
2310 1787 2348 1828 15
2410 1759 2412 1786 '

362 1863 734 1953 μαρέστατα
771 1887 898 1950 γαρ
937 1857 1014 1930 τό
1057 1867 1195 1949 πῦρ
1224 1861 1601 1947 ἐπινέμεται
1639 1887 1755 1939 τας
1792 1885 1864 1928 τε
1902 1857 2125 1939 πόλεις
2154 1884 2281 1928 αυ-
2410 1869 2412 1878 “

306 1972 342 2026 4
368 1971 504 2034 τῶν
531 1959 609 2045 ἃς
635 1970 890 2051 ἔχουσι,
930 1963 1044 2033 καὶ
1085 1961 1200 2042 τὰς
1237 1961 1528 2050 οἰκήσεις
1566 1956 1856 2042 ἆπασας·
1898 1967 2120 2031 λίθων
2159 1961 2282 2050 μὲν

366 2064 494 2157 γὰρ
522 2062 683 2156 παρ’
715 2062 945 2148 αὐτοῖς
985 2060 1030 2154 ἢ
1072 2072 1387 2134 πλίνθων
1424 2061 1652 2134 ὀπτῶν
1692 2063 1965 2152 σπάνις,
2006 2053 2169 2133 ὗλαι
2206 2061 2275 2132 δ’

369 2167 754 2258 εὕδενδροι,
785 2163 956 2238 ὅθεν
993 2167 1216 2251 ξύλων
1258 2164 1463 2256 οὔσης
1490 2170 1819 2249 ἐκτενείας
1840 2166 2282 2256 συμπηγνύν-

367 2298 475 2352 τες
501 2268 672 2340 αὐτὰ
701 2271 814 2340 καὶ
841 2267 1237 2359 ἁρμόζοντες
1270 2277 1849 2358 σκηνοποιοῦνται.
1886 2264 1923 2340 ὅ
1953 2270 2029 2341 δὲ
2053 2273 2279 2352 Μαξι-
2310 2292 2355 2331 2⁰

371 2389 560 2462 μῖνος
592 2375 701 2443 ἐπὶ
725 2371 902 2443 πολὺ
921 2373 1044 2461 μὲν
1071 2371 1543 2462 προυχώρησε,
1573 2372 1882 2462 πράττων
1906 2401 1979 2442 τε
2006 2371 2087 2443 τὰ
2112 2398 2283 2462 προ-

373 2479 687 2566 ειρημένα
717 2478 830 2545 καὶ
855 2482 1038 2556 λείας
1075 2472 1511 2564 απελαύνων,
1548 2475 1781 2557 διδούς
1812 2502 1884 2545 τε
1906 2473 2020 2557 τὰς
2044 2472 2286 2564 ἀγέλας

310 2593 344 2646 5
373 2586 465 2672 τῶ
491 2585 748 2672 στρατῶ
793 2573 896 2659 αἷς
931 2578 1648 2668 περιετύγχανον.οί
1680 2578 1758 2649 δὲ
1794 2575 2193 2669 Γερμανοὶ’
2154 2576 2285 2648 απὸ
2408 2599 2410 2606 ·

369 2683 495 2772 μὲν
522 2688 658 2752 τῶν
700 2687 990 2770 πεδίων,
1017 2683 1130 2751 καὶ
1170 2691 1238 2751 εἴ
1271 2708 1448 2763 τινες
1484 2671 1659 2770 ἦσαν
1695 2688 1907 2770 χῶραι
1948 2678 2283 2773 αδενδροι,
2408 2679 2410 2700 '

373 2783 1000 2874 ἆνακεχωρήκεσαν,
1045 2788 1120 2855 ἐν
1157 2784 1233 2854 δε
1271 2800 1415 2866 ταῖς
1452 2781 1645 2866 ὕλαις
1684 2783 2091 2874 ἐκρύπτοντο
2128 2790 2290 2872 περί
2314 2815 2363 2854 2⁸

2408 2861 2410 2894 4

371 2915 445 2959 τε
471 2917 552 2958 τα
579 2892 694 2977 ἕλη
725 2892 1103 2979 διέτριβον,
1147 2916 1236 2968 ως
1275 2891 1417 2958 ἐκεῖ
1449 2917 1564 2969 τας
1595 2887 1804 2976 μάχας
1828 2889 1942 2957 καὶ
1982 2916 2096 2967 τας
2124 2885 2287 2976 ἐφό·
2408 2901 2410 2927 “

375 2998 538 3072 δους
565 3007 898 3079 ποιοῖντο,
926 2998 1042 3080 τῆς
1067 2999 1415 3078 συνεχείας
1444 2998 1581 3060 τῶν
1608 2997 1843 3078 φυτῶν
1868 2986 2289 3077 ἀπασχολού-

375 3116 496 3183 σης
527 3098 593 3175 ἐς
621 3093 868 3183 ἑαυτὴν
892 3093 974 3162 τὰ
1002 3097 1162 3183 βέλη
1190 3097 1306 3163 καὶ
1332 3093 1412 3162 τὰ
1450 3091 1725 3164 ἀκόντια
1766 3100 1903 3162 τῶν
1928 3099 2285 3181 πολεμίων,

375 3203 498 3266 τοῦ
517 3224 586 3266 τε
605 3193 1018 3285 ἀγχιβαθοῦς
1037 3204 1172 3266 τῶν
1199 3193 1720 3284 ἕλῶνῬωμαίοις
1736 3197 1861 3284 μὲν
1887 3192 1979 3266 δι’
2012 3193 2291 3284 ἄγνοιαν

375 3304 513 3368 τῶν
537 3297 762 3367 τόπων
785 3302 1198 3388 ἐπισφαλοῦς
1224 3300 1583 3386 ἐσομένου,
1622 3301 1881 3379 ἑαυτοῖς
1916 3297 1992 3368 δὲ
2032 3295 2127 3368 δι’
2171 3301 2288 3386 ἐμ-
2318 3323 2370 3365 ³0

379 3407 650 3484 πειρίαν
673 3406 789 3487 τῆς
826 3400 1044 3488 χώρας
1085 3399 1411 3486 ἐγνωκόσι
1449 3399 1531 3470 τὰ
1568 3398 1781 3489 ἄβατα
1813 3402 1927 3470 καὶ
1966 3397 2289 3487 ἄντιτυπῆ

380 3505 518 3566 τῶν
546 3498 770 3570 τόπων
797 3505 864 3582 ἐς
883 3497 1052 3588 γόνυ
1079 3528 1148 3604 τε
1179 3503 1607 3591 βρεχομένοις
1634 3505 2003 3593 διατρέχειν
2030 3506 2291 3595 ῥᾳδίου.
