2475 3859
537 193 563 251 1
579 190 652 252 18
702 204 708 219 ’
1277 190 1381 249 ΤΕ
1390 190 1718 251 ΤΑΡΤΟΝ

533 367 756 454 ἕτερος
781 370 1132 453 Μακρῖνος
1163 361 1288 451 μὲν
1318 365 1648 450 ἐκαλεῖτο,
1676 367 1812 431 τῶν
1850 360 1925 431 δὲ
1956 365 2029 431 ἐν
2068 360 2289 456 ἀγορᾷ
2320 360 2442 433 οὐκ

531 465 822 557 ἀπείρως
852 465 1018 555 εἶχε,
1047 466 1160 537 καὶ
1185 465 1464 554 μάλιστα
1490 464 1719 554 νόμων
1745 464 2116 554 ἐπιστήμης.
2190 470 2257 547 ἐς
2286 474 2441 537 τοῦ·

533 598 652 641 τον
679 560 806 639 οὖν
837 565 926 650 ὥς
951 567 1040 658 μὴ
1080 567 1555 658 στρατιωτικὸν
1592 567 1761 657 μηδὲ
1800 586 2111 656 γενναῖον
2155 576 2441 663 δημοσίᾳ

533 672 848 752 πολλάκις
873 668 1282 758 ἀπέσκωπτε,
1312 674 1425 741 καὶ
1450 673 1675 761 μέχρις
1700 677 1969 762 αἰσχρᾶς
1993 680 2435 762 βλασφημίας·

473 785 506 836 2
535 777 678 845 ἐπεὶ
707 772 834 864 γὰρ
861 772 1109 863 ἤκουεν
1139 771 1347 843 αὐτὸν
1374 777 1487 845 καὶ
1524 780 1747 864 διαίτῃ
1786 778 2151 869 ἐλευθερίῳ
2181 778 2435 866 χρεόμε-
2462 802 2475 839 ⁵

531 906 656 948 νον
693 879 806 947 καὶ
847 876 927 946 τὰ
967 884 1194 966 φαῦλα
1235 879 1349 946 καὶ
1390 874 1845 967 ἀπερριμμένοι
1882 886 2018 947 τῶν
2060 880 2437 968 ἐδεσμάτων

533 982 646 1050 καὶ
683 987 906 1051 ποτῶν
945 980 1475 1069 μυσαττόμενον,
1514 976 1613 1061 οἷς
1666 977 1757 1061 ὥς
1784 981 2249 1069 στρατιωτικὸς
2285 982 2373 1072 δὴ
2406 979 2437 1052 ὁ

526 1082 920 1163 Ἀντωνῖνος
957 1091 1210 1173 ἔχαιρε,
1252 1082 1623 1171 χλαμύδιον
1659 1081 1701 1172 ἥ
1740 1109 1889 1153 τινα
1938 1081 2147 1173 ἄλλην
2192 1089 2439 1175 ἐσθῆτα

535 1184 1032 1275 ἆμφιεσάμενον
1069 1182 1491 1276 ἆστειοτέραν
1530 1189 1595 1267 ἐς
1622 1183 1994 1275 ἀνανδρίαν
2022 1190 2132 1257 καὶ
2158 1188 2439 1277 θήλειαν

535 1289 738 1359 νόσον
765 1291 1146 1377 διέβαλλεν,
1175 1285 1287 1358 ἀεί
1315 1316 1387 1357 τε
1418 1286 1810 1359 ἀποκτενεῖν
1839 1287 2116 1379 ἠπείλει.
2160 1288 2335 1381 ἅπερ
2364 1289 2435 1362 οὗ
2464 1319 2475 1358 ι

538 1394 768 1481 φέρων
796 1387 830 1460 ὁ
863 1401 1214 1481 Μακρῖνος
1250 1391 1429 1461 πάνυ
1456 1388 1760 1488 ἤσχαλλε.

425 1526 442 1539 “
479 1511 513 1563 3
743 1496 994 1584 συνέβη
1033 1497 1114 1564 δέ
1135 1521 1198 1563 τι
1227 1497 1342 1564 καὶ
1372 1502 1707 1565 τοιοῦτον·
1752 1499 1891 1564 ἔδει
1928 1493 2055 1585 γὰρ
2096 1491 2227 1584 ἄρα
2262 1497 2439 1577 τέλος

537 1605 770 1687 λαβεῖν
800 1595 920 1667 τὸν
949 1595 1355 1667 Ἀντωνίνου
1396 1604 1567 1686 βίον.
1636 1597 2141 1688 περιεργότατος
2173 1597 2305 1688 γὰρ
2352 1594 2437 1668 ὢν

537 1698 620 1772 ού
649 1700 860 1789 μόνον
892 1699 972 1770 τὰ
999 1697 1385 1797 ἀνθρώπων
1411 1700 1625 1771 πάντα
1664 1702 1913 1771 εἰδέναι
1950 1698 2237 1789 ἤθελεν,
2280 1700 2438 1770 ἀλλὰ

537 1802 755 1875 καὶτὰ
783 1803 941 1873 θεῖά
980 1831 1052 1873 τε
1082 1804 1194 1873 καὶ
1221 1804 1533 1893 δαιμόνια
1561 1812 2165 1893 πολυπραγμονεῖν.
2234 1801 2348 1875 άεί
2378 1832 2438 1874 τε
2465 1832 2475 1872 1

538 1907 789 1989 πάντας
830 1904 1230 1977 ὑπώπτευεν
1270 1902 1357 1989 ὥς
1395 1906 1987 1995 ἐπιβουλεύοντας,
2032 1916 2440 1998 χρηστηρίων

539 2038 611 2081 τε
651 2010 921 2079 πάντων
965 2013 1382 2099 ἐνεφορεῖτο,
1427 2007 1585 2089 τούς
1622 2036 1693 2079 τε
1733 2010 2156 2098 πανταχόθεν
2192 2012 2439 2100 μάγους

540 2114 654 2182 καὶ
683 2109 1132 2202 ἀστρονόμους
1167 2140 1240 2183 τε
1272 2114 1384 2181 καὶ
1410 2111 1623 2195 θύτας
1660 2114 2134 2202 μετεπέμπετο·
2172 2117 2290 2183 καὶ
2328 2112 2441 2183 οὗ·

447 2216 453 2224 ’
543 2216 682 2295 δεὶς
713 2211 923 2285 αὐτὸν
958 2215 1290 2285 ἐλάνθανε
1329 2222 1465 2285 τῶν
1490 2214 1614 2303 τὴν
1651 2221 1959 2304 γοητείαν
1996 2216 2247 2305 ταύτην
2290 2213 2443 2287 ὑπι-

481 2330 516 2383 4
544 2319 997 2405 σχνουμένων.
1099 2314 1503 2389 ὑποπτεύων
1541 2315 1607 2387 δ’
1650 2314 1900 2399 αὐτοὺς
1940 2315 2030 2400 ὥς
2062 2316 2144 2388 οὐ
2184 2318 2475 2409 τᾶληθῆε

541 2416 724 2512 αὐτῷ
767 2417 934 2489 ἄλλα
973 2420 1138 2510 πρὸς
1183 2428 1541 2507 κολακείαν
1575 2428 2037 2510 θεσπίζοντας,
2088 2425 2445 2493 ἐπιστέλλει

541 2531 990 2617 Ματερνιανῷ
1031 2530 1196 2611 τινί,
1245 2523 1392 2593 τότε
1444 2522 1654 2605 πάσας
1706 2520 1824 2593 ὑπ’
1882 2522 2093 2593 αὐτοῦ
2124 2528 2209 2595 ἐν
2244 2522 2445 2616 Ῥώμῃ

543 2624 811 2715 πράξεις
856 2627 1436 2719 ἐγκεχειρισμένῳ,
1491 2625 1858 2720 πιστοτάτῳ
1912 2626 2083 2697 εἶναι
2134 2633 2446 2699 δοκοῦντι

447 2745 452 2751 ’
543 2736 764 2818 φίλων
789 2732 902 2799 καὶ
928 2731 1110 2823 μόνω
1137 2735 1442 2821 κοινωνῷ
1470 2736 1605 2800 τῶν
1636 2726 2062 2819 ἀπορρήτων·
2092 2733 2357 2803 κελεύει
2382 2732 2447 2801 δὲ

543 2830 725 2901 αύτω
751 2833 984 2921 μάγων
1011 2830 1168 2912 τοὺς
1195 2828 1507 2922 ἀρίστους
1535 2832 1877 2922 ζητήσαντι
1916 2841 2153 2925 νεκυία
2194 2863 2266 2904 τε
2292 2864 2445 2924 χρη·
2470 2863 2475 2899 ε

533 2937 808 3033 σαμένω
835 2946 1084 3023 μαθεῖν
1111 2936 1267 3025 περὶ
1294 2940 1416 3004 τοῦ
1442 2938 1674 3017 τέλους
1710 2943 1833 3005 τοῦ
1874 2942 2031 3024 βίου
2070 2934 2319 3025 αὐτοῦ,
2346 2939 2449 3007 καὶ

480 3059 513 3109 5
541 3038 631 3127 μή
658 3066 754 3118 τις
782 3066 912 3128 αρα
939 3037 1370 3126 ἐπιβουλεύοι
1398 3046 1478 3129 τῇ
1508 3035 1695 3129 ἀρχῇ.
1802 3034 1839 3109 ὁ
1882 3039 1956 3108 δὲ
1985 3039 2447 3129 Ματερνιανός

541 3140 951 3229 χρησάμενος
977 3137 1188 3222 άδεως
1217 3156 1356 3222 τοῖς
1391 3138 1525 3211 ὑπὸ
1554 3148 1675 3211 τοῦ
1714 3144 2035 3231 βασιλέως
2061 3152 2447 3213 κελευσθεῖ-

543 3264 686 3329 σιν,
719 3240 901 3311 εἶτε’
877 3241 1086 3324 όντως
1127 3240 1311 3337 αυτῷ
1350 3244 1693 3331 δαιμόνων
1732 3252 1942 3314 ταῦτα
1984 3246 2449 3317 θεσπισάντων

546 3352 676 3412 εἴτε
705 3340 916 3425 ἄλλως
943 3345 1511 3433 συσκευαζόμενος
1537 3344 1657 3415 τὸν
1684 3355 2061 3436 Μακρῖνον,
2092 3351 2447 3419 ἐπιστέλλει

545 3451 635 3535 τῷ
667 3442 1040 3538 Ἀντωνίνω
1089 3447 1555 3536 ἐπιβουλεύειν
1596 3454 1675 3537 τῇ
1728 3445 1897 3540 ἀρχῇ
1941 3448 2061 3521 τὸν
2098 3459 2450 3541 Μακρῖνον

485 3565 520 3619 6
550 3545 662 3612 καὶ
701 3550 846 3613 δεῖν
886 3544 1094 3617 αὐτὸν
1131 3546 1735 3619 ἀποσκευάσασθαι.
1852 3557 2061 3621 ταῦτα
2110 3551 2191 3621 τὰ
2242 3554 2453 3642 γράμ-
