2475 3859
921 151 1222 217 ,ΕΚῚῸΝ
1912 148 2029 208 157

107 317 218 398 ῶν
243 323 678 396 πεπόνθεσαν
701 324 996 413 Πέρσαις
1018 322 1382 412 μαχόμενοι
1399 373 1419 411 ,
1448 329 1523 394 ἔκ
1562 349 1633 392 τε
1672 312 1773 392 ῶν
1822 325 2031 394 ἐπυν-

105 429 416 499 θάνοντο
441 425 600 508 τοὺς
617 431 905 507 οἰκείους
929 429 1193 496 ἕκαστοι
1221 423 1355 497 ὑπὸ
1375 432 1741 516 Γερμανῶν
1766 421 2033 496 ἀπολω-

109 533 334 612 λότας.
403 527 825 619 ἠγανάκτουν
869 520 1028 616 οῦν,
1073 532 1188 599 καὶ
1224 528 1344 600 τὸν
1374 526 1811 619 Ἀλέξανδρον
1850 527 2029 616 εἰχον

109 639 194 706 έν
221 639 404 726 αἰτίᾳ
431 629 519 714 ῶς
545 629 625 702 τὰ
653 629 784 702 ὑπὸ
805 648 948 714 ταῖς
969 628 1321 713 ἀνατολαῖς
1348 629 1436 702 δι’
1478 629 1791 722 ἀμέλειαν
1818 627 1863 720 ἦ
1890 637 2033 702 δει-
2094 647 2099 652 “

53 761 78 802 5
111 745 281 809 λίαν
305 735 810 826 προδεδωκότα,
844 734 1010 824 πρός
1036 762 1108 804 τε
1146 735 1228 806 τὰ
1266 732 1533 828 ἀρκτῷα
1564 738 1890 824 μέλλοντα
1918 736 2031 804 καὶ

111 838 478 911 ὀκνοῦντα.
583 829 671 927 ἦν
701 840 777 908 δὲ
803 840 918 908 καὶ
943 833 1126 930 αὐτῷ
1153 841 1303 922 δέος
1328 846 1424 931 τῷ
1453 835 1863 932 Ἀλεξάνδρῳ
1894 853 2033 918 τοῖς
2063 843 2099 896 4

112 972 194 1014 τε
231 949 518 1014 συνοῦσι
555 949 779 1031 φίλοις
817 939 946 1032 ἤδη
985 944 1099 1012 καὶ
1137 945 1292 1033 περὶ
1334 939 1538 1030 αὐτῆς
1579 939 1873 1024 Ἰταλίας.
1950 940 2035 1012 οὐ

112 1046 252 1136 γὰρ
285 1042 516 1134 ὅμοιον
543 1042 830 1134 ἡγοῦντο
857 1044 976 1116 τὸν
1003 1048 1076 1114 έκ
1103 1051 1389 1136 Περσῶν
1422 1051 1749 1116 κίνδυνον
1786 1041 1935 1116 οἷον
1962 1050 2037 1118 ἐκ

115 1156 521 1242 Γερμανῶν·
553 1155 623 1218 οἰ
653 1146 920 1238 μὲνγὰρ
947 1143 1079 1220 ῦπὸ
1100 1165 1243 1231 ταῖς
1268 1145 1615 1230 ἀνατολαῖς
1640 1155 2039 1220 κατοικοῦν-

54 1285 86 1326 o
121 1281 272 1341 τες,
315 1259 539 1344 μακρᾷ
583 1258 671 1343 γῇ
713 1254 826 1322 καὶ
869 1251 1166 1342 θαλάττῃ
1205 1259 1419 1342 πολλῇ
1461 1253 1872 1344 διῃρημένοι,
1912 1251 2037 1341 τὴν

112 1356 390 1427 Ἰταλῶν
414 1355 638 1444 χώραν
663 1355 854 1444 μόλις
879 1351 1236 1444 ἀκούουσι,
1266 1354 1345 1425 τὰ
1378 1351 1707 1442 Ἰλλυρικά
1752 1355 1828 1427 δὲ
1866 1362 2039 1445 ἔθνη

124 1457 332 1531 στενοὶ
357 1454 519 1528 ὅντα
558 1461 670 1528 καὶ
699 1455 784 1528 οὐ
810 1455 1066 1546 πολλὴν
1105 1465 1339 1546 ἔχοντα
1374 1455 1497 1547 τὴν
1537 1455 1671 1530 ὑπὸ
1699 1456 2041 1548 Ῥωμαίοις

125 1570 295 1652 γῆν,
329 1559 508 1651 παρα
533 1568 854 1632 τοσοῦτον
879 1556 1165 1650 ὁμόρους
1190 1564 1305 1632 καὶ
1340 1568 1637 1650 γείτονας
1662 1578 1844 1632 ποιεῖ
1864 1570 2039 1649 Γερ-

125 1662 390 1754 μανοὺς
426 1662 836 1746 Ἰταλιώταις.
941 1666 1331 1751 ἐπαγγέλλει
1358 1661 1467 1752 -δὴ
1520 1661 1705 1734 ἄκων
1748 1665 1873 1753 μὲν
1922 1668 2035 1736 καὶ
2064 1685 2097 1738 5

53 1805 90 1848 ις
126 1766 482 1857 ἀσχάλλων
518 1766 643 1859 τὴν
669 1771 931 1851 ἔξοδον·
978 1764 1155 1854 πλὴν
1181 1775 1297 1856 τῆς
1336 1764 1631 1856 ἀνάγκης
1668 1764 1877 1840 αὐτὸν
1916 1797 2041 1838 κα-

126 1873 410 1960 λούσης,
451 1871 836 1943 καταλιπών
874 1897 945 1941 τε
987 1869 1277 1958 δύναμιν
1319 1867 1485 1960 ὅσην
1532 1868 1830 1960 αὐτάρκη
1876 1868 2043 1965 ᾤετο

130 1975 422 2065 ῥύεσθαι
457 1973 572 2056 τὰς
604 1971 941 2062 Ῥωμαίων
976 1970 1216 2062 ὄχθας,
1247 1974 1329 2044 τά
1365 2001 1435 2044 τε
1474 1974 1889 2066 στρατόπεδα
1928 1976 2047 2044 καὶ
2126 1960 2136 1976 ⁸

130 2076 216 2148 τὰ
231 2076 530 2166 φρούρια
549 2081 1054 2166 ἐπιμελέστερον
1075 2082 1361 2165 τειχίσας
1377 2079 1491 2148 καὶ
1506 2077 1859 2167 πληρώσας
1884 2081 2045 2148 ἕκα-

131 2203 258 2250 στα
309 2187 432 2250 τοῦ
479 2177 852 2270 ὡρισμένου
903 2183 1225 2268 στρατοῦ,
1282 2177 1485 2263 αὐτὸς
1540 2185 1606 2262 ές
1654 2181 2044 2269 Γερμανοὺς

55 2317 98 2358 ιι
131 2281 450 2372 ἠπείγετο
467 2280 602 2373 ἅμα
627 2290 719 2377 τῶ
745 2291 954 2376 λοιπῶ
981 2282 1245 2372 πλήθει.
1348 2281 1599 2365 ἀνύσας
1626 2283 1851 2374 δὲτὴν
1878 2281 2041 2356 ὁδὸν
2072 2299 2109 2354 6

131 2385 304 2476 μετὰ
330 2395 574 2475 πολλῆς
615 2393 911 2476 σπουδῆς
943 2388 1178 2474 ἐπέστη
1207 2402 1351 2469 ταῖς
1374 2393 1497 2458 τοῦ
1527 2383 1763 2476 Ῥήνου
1789 2384 2045 2476 ὄχθαις,

133 2493 254 2560 καὶ
279 2488 360 2558 τὰ
385 2488 552 2580 πρὸς
579 2488 698 2561 τὸν
721 2487 1142 2580 Γερμανικὸν
1179 2490 1475 2579 πόλεμον
1504 2491 2047 2581 παρεσκευάζετο,

133 2593 260 2664 τόν
285 2621 358 2663 τε
386 2589 682 2682 ποταμὸν
707 2595 911 2662 ναυσὶ
937 2592 1411 2681 διελάμβανεν,
1442 2584 1540 2664 ῶν
1572 2591 1737 2682 πρὸς
1763 2591 2051 2683 ἀλλήλας

135 2701 606 2766 συνδεθεισῶν
631 2698 1118 2786 γεφυρωθέντα
1145 2690 1403 2785 εὐμαρῆ
1430 2693 1555 2786 τὴν
1578 2697 1889 2785 διάβασιν
1914 2713 2053 2777 τοῖς

57 2826 108 2868 25
143 2798 578 2889 στρατιώταις
619 2802 928 2889 παρέξειν
969 2795 1151 2891 ᾤετο.
1225 2800 1521 2887 μέγιστοι
1560 2797 1687 2889 γὰρ
1739 2798 1823 2888 δὴ
1866 2783 2053 2871 οῦτοι

139 2910 462 2993 ποταμῶν
490 2899 610 2972 ὑπ’
653 2899 876 2995 ἄρκτῳ
903 2904 1164 2991 ῥέουσι,
1201 2897 1426 2990 Ῥῆνός
1453 2928 1524 2972 τε
1559 2904 1673 2973 καὶ
1700 2899 1973 2992 Ἴστρος,
2014 2899 2055 2972 ὃ

141 3007 270 3094 μὲν
296 3004 686 3096 Γερμανούς
717 3002 756 3076 ὃ
783 3006 860 3077 δὲ
883 3011 1180 3086 Παίονας
1215 3011 1651 3094 παραμείβων
1666 3027 1681 3041 ·
1712 3012 1785 3076 οἳ
1802 3008 2055 3096 θέρους

142 3109 272 3197 μὲν
297 3117 714 3200 ναυσίπορον
741 3115 968 3198 ἔχουσι
993 3105 1068 3178 τὸ
1109 3111 1386 3198 ῥεῖθρον
1426 3107 1538 3177 διὰ
1579 3107 1793 3197 βάθος
1829 3136 1903 3178 τε
1940 3111 2055 3180 καὶ

142 3211 420 3302 πλάτος,
448 3220 569 3284 τοῦ
597 3213 672 3282 δὲ
695 3219 1016 3301 χειμῶνος
1032 3213 1351 3299 παγέντες
1378 3206 1513 3282 ὑπὸ
1548 3218 1673 3280 τοῦ.
1696 3211 1949 3302 κρύους
1978 3215 2053 3282 έν

61 3351 110 3394 ω
149 3321 392 3388 πεδίου
425 3315 703 3405 σχήματι
727 3314 1284 3386 καθιππεύονται.
1382 3311 1735 3395 ἀντιτυπὲς
1774 3315 1851 3384 δὲ
1874 3311 2051 3386 οῦτω
2084 3334 2119 3391 7

147 3421 268 3488 καὶ
299 3417 583 3518 στερρὸν
625 3426 881 3507 γίνεται
921 3419 996 3488 τό
1035 3444 1196 3488 ποτε
1243 3422 1523 3507 ῥεῖθρον
1578 3413 1666 3500 ῶς
1707 3415 1797 3507 μὴ
1848 3417 2057 3507 μόνον

149 3527 378 3592 ἵππων
429 3519 662 3604 ὁπλαῖς
701 3525 812 3594 καὶ
839 3524 1050 3602 ,ποσὶν
1093 3518 1479 3608 ἀνθρώπων
1523 3519 1855 3610 ἀντέχειν,
1896 3519 2065 3622 ἀλλὰ
