2475 3859
961 130 1255 189 ΕΚΤΟΝ
1604 156 1615 167 ·
1962 132 2071 193 145

143 297 556 389 ἐξεθειάσθη
575 323 590 337 ·
629 296 672 389 ἡ
701 300 776 371 δὲ
813 306 1148 390 Μαμμαία
1182 299 1357 389 μόνη
1397 306 1489 388 τςό
1529 303 1719 373 παιδὶ
1760 311 2068 373 καταλει-
2094 324 2127 377 5

148 415 418 492 φθεῖσα
455 399 702 492 ὁμοίως
726 398 939 474 αὐτοῦ
968 400 1200 492 ἄρχειν
1221 430 1297 473 τε
1320 404 1435 473 καὶ
1450 420 1721 491 κρατεῖν
1744 408 2069 495 ἐπειρᾶτο.

149 505 290 596 ἤδη
330 532 402 577 τε
439 501 664 598 ὁρῶσα
697 510 773 575 έν
811 503 980 597 ἀρχῇ
1020 505 1140 577 τὸν
1177 503 1335 577 υἱὸν
1368 513 1649 577 νεανίαν
1685 511 2069 600 γενόμενον,

149 612 270 679 καὶ
301 614 650 680 δεδοικυῖα
676 607 766 698 μὴ
795 606 926 697 ἄρα
951 606 1178 699 ἡλικία
1191 606 1585 701 δἀκμάζουσα
1612 606 2073 702 ὑπηρετούσης

89 749 118 787 ⁵
153 710 391 794 ἀδείας
416 738 487 783 τε
523 715 638 783 καὶ
667 716 967 795 ἐξουσίας
993 720 1060 793 ἔς
1099 739 1164 781 τι
1201 720 1341 783 τῶν
1367 720 1659 802 γενικῶν
1683 710 2071 805 ἁμαρτημά-

151 844 296 885 των
323 818 617 907 έξοκείλῃ
633 868 652 902 ,
681 815 1106 903 πανταχόθεν
1132 815 1451 905 ἐφρούρει
1478 814 1603 905 τὴν
1628 814 1881 907 αὐλήν,
1911 815 2077 889 οὐδέ

150 947 311 990 τινα
343 929 446 989 εία
472 922 817 1011 προσιέναι
845 926 936 1013 τῷ
977 926 1301 1011 μειρακίῳ
1340 926 1477 989 τῶν
1516 921 1627 989 ἐπὶ
1664 920 1907 1015 φαύλῳ
1944 930 2073 1015 βίῳ

155 1025 730 1112 διαβεβλημένων,
757 1022 848 1111 μή
875 1049 1016 1103 πως
1053 1019 1128 1092 τὸ
1156 1012 1329 1111 ἦθος
1366 1027 1799 1113 διαφθαρείη,
1818 1050 2076 1115 προκα-

159 1128 550 1215 λεσαμένων
571 1122 786 1195 αὐτοῦ
811 1132 948 1195 τῶν
972 1126 1281 1196 κολάκων
1308 1122 1426 1206 τὰς
1464 1121 1712 1215 ὀρέξεις
1740 1124 2075 1216 ἀκμαζού-

81 1256 126 1297 ιο
157 1250 281 1310 σας
309 1233 378 1310 ἐς
403 1227 674 1320 αἰσχρὰς
710 1232 1090 1317 ἐπιθυμίας.
1195 1227 1489 1313 δικάζειν
1530 1235 1646 1313 [τε]
1694 1220 1821 1300 οὖν
1858 1228 2068 1301 αὐτὸν
2096 1245 2131 1299 6

159 1339 396 1401 ἔπειθε
421 1334 860 1420 συνεχέστατα
885 1333 999 1401 καὶ
1025 1332 1133 1401 ἐπὶ
1159 1340 1473 1402 πλεῖστον
1506 1338 1623 1417 τῆς
1658 1328 1936 1423 ἡμέρας,
1984 1330 2073 1416 ὥς

159 1431 246 1505 ἂν
273 1432 764 1523 ἀσχολούμενος
803 1435 957 1523 περὶ
998 1432 1078 1503 τὰ
1115 1442 1462 1522 κρείττονα
1500 1436 1613 1505 καὶ
1650 1443 1731 1525 τῇ
1768 1445 2073 1532 βασιλείᾳ
2142 1449 2153 1468 “

161 1536 493 1627 ἀναγκαῖα
533 1537 627 1626 μὴ
672 1544 806 1625 ἔχοι
849 1534 1090 1626 καιρὸν
1135 1540 1202 1617 ἐς
1247 1534 1323 1607 τὰ
1365 1536 1785 1627 ἐπιτηδεύειν
1828 1570 1893 1611 τι
1936 1547 2075 1611 τῶν

161 1638 664 1733 ἁμαρτημάτων.
705 1637 962 1729 ὑπῆρχε
989 1642 1070 1711 δέ
1099 1670 1162 1711 τι
1187 1642 1301 1709 καὶ
1328 1638 1622 1728 φυσικὸν
1656 1630 1829 1729 ἦθος
1854 1650 2073 1734 πρᾶον

88 1774 132 1815 ιε
163 1747 276 1815 καὶ
321 1740 574 1834 ἥμερον
615 1750 706 1836 τῷ
738 1740 1149 1836 Ἀλεξάνδρῳ
1203 1750 1271 1825 ἔς
1324 1770 1395 1813 τε
1445 1741 1521 1813 τὸ
1580 1743 2073 1837 φιλάνθρωπον

163 1847 344 1917 πάνυ
377 1849 758 1938 ἐπιρρεπές,
787 1842 876 1927 ὥς
913 1845 1206 1934 ἐδήλωσε
1241 1847 1355 1916 καὶ
1382 1852 1496 1934 τῆς
1520 1842 1781 1935 ἡλικίας
1806 1875 2073 1938 προχω-

164 1950 432 2041 ρούσης.
535 1954 602 2033 ές
629 1952 1345 2037 τεσσαρεσκαιδέκατον
1362 1956 1532 2037 γοῦν
1557 1949 1794 2031 ἐλάσας
1809 1957 1925 2039 τῆς
1944 1961 2069 2042 βα·
2094 1970 2127 2024 7

164 2061 414 2137 σιλείας
441 2060 585 2135 ἔτος
612 2049 936 2141 ἀναιμωτὶ
961 2043 1194 2141 ἦρξεν,
1225 2049 1394 2122 οὐδέ
1423 2081 1521 2133 τις
1550 2060 1763 2123 εἰπεῖν
1788 2060 1923 2143 ἔχει
1956 2052 2064 2125 ὑπ’

164 2160 426 2227 ἐκείνου
456 2158 894 2246 φονευθέντα.
974 2162 1188 2225 καίτοι
1214 2162 1419 2225 τινῶν
1459 2164 1795 2244 μεγίσταις
1832 2165 2073 2239 αἰτίαις
2092 2184 2107 2205 ·

89 2298 138 2337 2⁰
171 2256 676 2347 ὑποπεσόντων,
714 2255 892 2348 ὅμως
939 2262 1250 2347 ἐφείσατο
1304 2254 1395 2340 ὥς
1442 2257 1533 2347 μὴ
1576 2266 1937 2350 φονεῦσαι,
1989 2258 2073 2331 ού

169 2365 414 2455 ῥᾳδίως
447 2369 644 2433 τοῦτο
685 2359 891 2431 ἄλλον
925 2364 1249 2450 βασιλέως
1285 2368 1421 2432 τῶν
1455 2359 1618 2433 καθ’
1666 2358 1836 2451 ἡμᾶς
1872 2365 2071 2453 ποιή-

167 2490 401 2546 σαντος
440 2461 483 2554 ἢ
511 2465 1104 2556 παραφυλάξαντος
1137 2462 1304 2553 μετὰ
1345 2461 1469 2555 τὴν
1502 2465 1797 2556 Μάρκου
1838 2464 2069 2556 ἀρχήν.

166 2565 286 2638 ὑπ’
323 2566 760 2657 Ἀλεξάνδρου
787 2564 852 2640 δ’
893 2563 1019 2637 οὐκ
1045 2563 1132 2637 ἅν
1167 2596 1269 2648 τις
1307 2574 1521 2639 εἰπεῖν
1560 2576 1697 2657 ἔχοι
1734 2565 1779 2659 ἦ
1816 2598 2074 2659 μνημο-

167 2678 400 2742 νεῦσαι
425 2676 500 2743 ἐν
526 2677 700 2743 ἔτεσι
731 2669 1069 2751 τοσούτοις
1093 2667 1378 2758 ἀκρίτως
1404 2674 1849 2760 φονευθέντα.

95 2810 143 2849 ‘25
371 2771 600 2867 ᾐτιᾶτο
643 2775 720 2845 δὲ
758 2776 872 2845 καὶ
908 2770 1032 2861 τὴν
1073 2775 1323 2862 μητέρα
1368 2776 1483 2843 καὶ
1522 2774 1703 2845 πάνυ
1743 2771 2070 2863 ἤσχαλλεν
2092 2791 2128 2844 8

173 2874 352 2967 ὁρῶν
401 2874 618 2967 αὐτὴν
671 2868 882 2948 οὖσαν
946 2876 1441 2965 φιλοχρήματον
1502 2878 1616 2947 καὶ
1668 2879 1824 2966 περὶ
1872 2886 2068 2949 τοῦτο
2169 2926 2173 2933 ·

173 2978 536 3071 ὑπερφυῶς
567 2985 1082 3074 ἐσπουδακυῖαν.
1107 2981 1647 3068 προσποιουμένη
1672 2978 1802 3068 γὰρ
1828 2976 2074 3071 ἀθροί-

176 3092 308 3167 ζειν
333 3080 508 3155 adv&
536 3089 648 3153 ἵνα
679 3090 815 3172 ἔχοι
842 3098 979 3165 τοῖς
1003 3080 1433 3172 στρατιώταις
1458 3078 1781 3171 ἀφθόνως
1806 3085 1919 3153 καὶ
1948 3088 2073 3177 ρᾳ-

177 3192 332 3267 δίως
359 3183 398 3257 ὁ
431 3183 857 3275 Ἀλέξανδρος
882 3192 1299 3275 χαρίζεσθαι,
1330 3191 1470 3278 ἰδίᾳ
1496 3185 1891 3277 ἐθησαύριζε
1908 3209 1924 3223 ·
1958 3190 2075 3256 καὶ

103 3324 150 3365 ³0
181 3292 524 3379 διέβαλλεν
551 3287 700 3361 ἔσθ’
735 3286 866 3380 ὅπῃ
893 3296 1088 3361 τοῦτο
1126 3286 1251 3377 τὴν
1278 3284 1521 3378 ἀρχήν,
1560 3287 1769 3361 αὐτοῦ
1798 3286 2075 3371 ἅκοντός

179 3420 246 3463 τε
272 3394 382 3463 καὶ
409 3389 848 3481 ἆσχάλλοντος
879 3389 1112 3473 οὐσίας
1152 3398 1357 3463 τινῶν
1384 3394 1493 3463 καὶ
1533 3401 1972 3484 κληρονομίας
2006 3396 2073 3477 ἐξ

180 3499 484 3585 ἐπηρείας
510 3492 992 3587 ὑφαρπασάσης
1023 3498 1299 3584 ἐκείνης.

261 3630 611 3671 antonum.
1175 3672 1186 3681 ‚
1692 3609 1765 3669 10
