2475 3859
401 119 482 182 72
1209 122 1516 185 ΤΡΙΤΟΝ

401 290 526 381 τὴν
564 288 863 364 Ἐλλάδα.
942 289 1110 362 ἀλλὰ
1148 290 1228 362 τὰ
1279 293 1404 381 μὲν
1446 296 1725 363 ἐκείνων
1766 293 2143 383 γηράσαντα
2194 294 2311 362 καὶ

401 397 555 487 περὶ
607 393 916 486 άλλήλοις
949 398 1388 486 συντριβέντα
1424 394 1819 465 Μακεδόσιν
1858 393 2155 465 εὐάλωτα
2194 398 2310 466 καὶ

392 496 731 588 Ρωμαίοις
775 506 986 569 δοῦλα
1021 501 1402 588 γεγένηται·
1453 497 1529 569 τὸ
1570 500 1646 569 δὲ
1689 498 1907 581 πάθος
1944 506 2141 569 τοῦτο
2182 507 2307 569 τοῦ

400 602 601 691 ζήλου
628 604 741 672 καὶ
774 602 1048 692 φθόνου
1088 610 1423 691 μετῆλθεν
1451 604 1518 685 ἐς
1543 630 1660 682 τας
1686 599 1851 671 καθ’
1894 600 2059 691 ἡμᾶς
2084 600 2309 691 ἄκμα-

339 714 373 769 9
402 706 639 789 ζούσας
681 704 925 786 πόλεις.
991 704 1157 775 κατὰ
1194 706 1318 794 μὲν
1370 695 1500 775 οὖν
1541 703 1663 794 τὴν
1703 712 2037 775 Βιθυνίαν
2087 702 2307 788 εὐθυς
2334 738 2356 779 ⁵

395 836 559 899 μετα
597 806 678 878 τὰ
725 812 799 878 ἐν
837 816 1105 902 Κυζίκω
1143 815 1554 897 Νικομηδεῖς
1590 807 1715 896 μὲν
1758 806 2037 901 Σεεήρςο
2090 832 2309 932 προσ·
2430 878 2432 881 ⁴

398 914 636 981 έθεντο
659 914 774 981 καὶ
807 915 1117 1001 πρέσβεις
1149 919 1479 1000 ἔπεμπον,
1525 911 1649 1001 τήν
1677 939 1749 981 τε
1785 914 2099 999 στρατιάν
2126 908 2308 983 ὑπο-

397 1014 744 1103 δεχόμενοι
769 1016 882 1085 καὶ
909 1015 1125 1086 πάντα
1153 1018 1463 1105 παρέξειν
1490 1012 2035 1103 ὑπισχνούμενοι,
2080 1023 2307 1085 Νικα-

399 1132 492 1199 εῖς
519 1117 594 1187 δὲ
620 1124 713 1210 τῷ
741 1116 906 1208 πρὸς
933 1120 1360 1207 Νικομηδέας
1396 1126 1576 1206 μίσει
1614 1114 1930 1187 τάναντία
1962 1116 2305 1208 ἐφρόνουν

393 1221 508 1289 καὶ
533 1217 653 1290 τὸν
685 1219 970 1312 στρατὸν
1005 1228 1128 1291 τοῦ
1153 1230 1423 1312 Νίγρου
1453 1218 1891 1310 ὑπεδέχοντο,
1930 1232 1997 1291 εἴ
2019 1223 2095 1290 τέ
2122 1248 2302 1304 τινες
2334 1244 2375 1284 1⁰

393 1326 468 1393 ἐκ
499 1329 636 1393 τῶν
663 1324 1024 1413 φυγόντων
1049 1327 1471 1415 κατέφευγον
1500 1323 1666 1414 πρὸς
1692 1320 1968 1412 αυτούς,
2006 1323 2305 1405 καὶτοὺς

393 1429 829 1516 πεμφθέντας
885 1424 1020 1496 ὑπὸ
1075 1434 1198 1497 τοῦ
1252 1436 1521 1516 Νίγρου
1576 1444 1901 1553 φρουρεῖν
1939 1434 2299 1497 Βιθυνίαν.

289 1544 368 1597 10
395 1531 815 1621 ἑκατέρωθεν
845 1558 972 1599 ουν
1001 1533 1073 1599 ἐκ
1101 1559 1238 1600 των
1264 1532 1527 1601 πόλεων
1554 1560 1643 1611 ως
1674 1526 1803 1599 άπὸ
1833 1532 2301 1619 στρατοπέδων

392 1629 769 1722 ὁρμωμενοι
810 1636 1187 1722 συνέβαλον
1217 1631 1556 1722 ἀλλήλοις,
1596 1635 1707 1703 καὶ
1735 1632 1939 1721 μάχης
1977 1640 2303 1724 καρτερᾶς

394 1738 753 1825 γενομένης
792 1733 968 1806 πολυ
1007 1740 1474 1828 περιεγένοντο
1518 1742 1588 1805 οἱ
1620 1743 1740 1804 τοῦ
1767 1736 2095 1825 Σεεήρου.
2154 1764 2295 1819 φυ-
2331 1761 2376 1801 ιε

389 1839 623 1927 γόντες
651 1839 728 1909 δὲ
742 1845 812 1909 οί
830 1846 952 1909 τοῦ
978 1848 1248 1930 Νίγρου
1274 1838 1616 1927 κάκεῖθεν,
1653 1834 1798 1908 ὅσοι
1816 1846 2296 1927 περιελείφθη-

389 1966 550 2032 σαν,
592 1945 700 2013 ε’πὶ
739 1941 820 2013 τὰ
860 1942 1061 2014 στενὰ
1088 1951 1210 2013 τοῦ
1248 1944 1514 2035 Ταύρου
1544 1940 1929 2032 ἠπείγοντο,
1984 1939 2299 2013 ἀποκλεί-

387 2049 620 2128 σαντές
647 2074 718 2115 τε
736 2045 811 2116 τὸ
843 2054 1056 2137 ἔρυμα
1087 2047 1481 2134 ἐφύλαττον.
1540 2044 1575 2115 ὁ
1604 2046 1679 2115 δὲ
1709 2053 1965 2135 Νίγρος
1984 2044 2300 2136 φρουρὰν

387 2148 771 2219 καταλιπων
801 2157 924 2219 τοῦ
954 2149 1309 2239 ἐρύματος,
1356 2146 1443 2229 ὦς
1473 2146 1638 2241 ᾤετο
1657 2200 1676 2234 ,
1712 2145 2041 2239 αὐτάρκη,
2080 2152 2146 2228 ἐς
2170 2145 2297 2237 τὴν
2364 2204 2367 2213 .

379 2247 785 2339 Ἀντιόχειαν
833 2248 1176 2339 ἠπείγετο,
1240 2249 1524 2341 στρατὸν
1577 2248 1911 2341 ἀθροίζων
1961 2253 2072 2321 καὶ
2123 2250 2293 2341 χρή-
2326 2278 2378 2319 20

385 2380 578 2442 ματα.

304 2463 342 2525 3
588 2452 625 2525 ὁ
670 2454 746 2525 δὲ
785 2462 906 2524 τοῦ
943 2455 1257 2545 Σεεήρου
1298 2454 1573 2543 στρατὸς
1614 2458 2017 2546 περαιωθεὶς
2058 2453 2171 2525 διά
2220 2482 2298 2525 τε

379 2565 713 2638 Βιθυνίας
757 2560 869 2628 καὶ
907 2567 1268 2648 Γαλατίας,
1326 2557 1635 2649 ἐμβαλών
1676 2562 1743 2640 ἐς
1785 2564 2295 2646 Καππαδοκίαν,

380 2660 996 2753 προσκαθεζόμενος
1031 2661 1104 2733 τὸ
1153 2669 1367 2753 ἔρυμα
1394 2663 1802 2754 ἐπολιόρκει,
1846 2659 2195 2752 πράγματά
2219 2686 2297 2730 τε

381 2762 556 2852 εἶχεν
595 2761 678 2835 οὐ
720 2763 923 2854 μικρὰ
969 2766 1312 2855 δυσβάτου
1362 2764 1475 2835 διὰ
1502 2762 1859 2854 στενότητα
1898 2767 2010 2835 καὶ
2040 2762 2290 2855 τραχύ-
2325 2792 2376 2832 2⁵

377 2895 539 2956 τητα
584 2864 790 2957 οὔσης
817 2875 930 2956 τῆς
957 2863 1160 2957 ὁδοῦ,
1209 2868 1599 2958 βαλλόντων
1638 2896 1709 2938 τε
1736 2865 1984 2949 αὐτοὺς
2017 2865 2293 2936 ἄνωθεν

376 2977 598 3053 λίθοις
637 2973 752 3041 καὶ
793 2978 1121 3060 γενναίως
1159 2968 1683 3061 ἀπομαχομένων
1722 2978 1857 3040 τῶν
1898 2969 2291 3058 ἐφεστώτων

373 3089 514 3154 ταῖς
544 3074 848 3157 ἐπάλξεσι
874 3079 996 3143 τοῦ
1024 3079 1302 3160 τείχους.
1361 3078 1609 3167 ῥᾳδίως
1638 3074 1714 3143 δὲ
1754 3071 1971 3162 ὀλίγοι
1998 3068 2289 3152 πολλοὺς

307 3190 342 3242 2
376 3176 708 3247 ἐκώλυον·
753 3182 868 3265 τῆς
912 3174 1039 3266 γὰρ
1087 3172 1251 3246 ὀδοῦ
1293 3184 1525 3265 στενῆς
1566 3172 1772 3263 οὔσης
1801 3174 1877 3246 τὸ
1906 3178 2029 3264 μὲν
2056 3180 2289 3267 ἕτερον

372 3280 568 3366 μέρος
607 3274 894 3359 ὕψιστον
934 3275 1092 3368 ὅρος
1132 3280 1394 3366 σκέπει,
1438 3279 1548 3347 ἐπὶ
1585 3276 1841 3369 θάτερα
1880 3279 1956 3347 δὲ
1990 3274 2283 3369 κρημνὸς
2316 3304 2370 3347 3ο

371 3378 594 3467 βαθῦς
619 3394 758 3461 τοῖς
782 3382 857 3450 ἐκ
883 3388 1021 3450 τῶν
1060 3378 1242 3471 ὀρῶν
1270 3382 1675 3470 συρρέουσιν
1702 3376 1903 3450 ὕδασι
1943 3381 2149 3470 πόρος
2174 3386 2286 3467 γί-

365 3503 576 3551 νεται·
607 3478 771 3573 ὅπερ
799 3484 913 3553 καὶ
939 3480 1102 3554 αὐτὸ
1131 3490 1268 3553 πᾶν
1297 3484 1809 3574 παρεπέφρακτο
1841 3478 1973 3551 ὑπὸ
2001 3489 2124 3551 τοῦ
2144 3488 2284 3550 Νί-

2440 1436 2445 1453 4
