2475 3859
785 180 1218 241 TETAPTON
1459 190 1463 195 '
1600 200 1621 213 ·
1837 182 1865 240 1
1882 180 1955 241 17

32 376 155 431 τες
191 350 268 419 δὲ
295 356 385 444 τῷ
412 348 776 440 πράγματι,
819 351 1171 440 παιόμενοί
1204 380 1274 422 τε
1302 354 1412 421 καὶ
1446 350 1958 441 τιτρωσκόμενοι

31 453 434 543 ἐτράποντο.
505 451 706 535 αὐτός
746 482 817 523 τε
850 451 1248 545 Ἀρτάβανος
1286 452 1603 545 ἀρπαγεὶς
1644 451 1777 525 ὑπὸ
1820 463 1957 525 τῶν

33 557 208 646 περὶ
235 552 442 626 αὐτὸν
471 558 875 647 δορυφόρων
893 564 1072 651 ἵππῳ
1099 586 1170 628 τε
1195 560 1525 639 ἐπιτεθεὶς
1552 555 1805 648 ἀπέδρα
1831 558 1956 648 μό-

34 668 152 739 λις
181 656 329 747 μετ’
361 656 626 747 ὀλίγων.
679 658 754 731 τὸ
797 662 874 731 δὲ
914 659 1150 731 λοιπὸν
1187 668 1447 751 πλῆθος
1479 660 1788 731 ἐκόπτετο
1816 668 1951 731 τῶν
1980 682 2014 734 6

35 762 414 851 βαρβάρων
449 758 606 833 οὔτε
645 762 804 845 τοὺς
850 769 1092 845 ἵππους
1145 764 1463 853 ἐχόντων,
1520 760 1616 845 οἷς
1664 772 1953 853 χρῶνται

31 866 330 953 μάλιστα
389 861 907 955 (ἀποβεβηκότες
969 864 1096 955 γαρ
1165 868 1585 956 εἱστήκεσαν,
1656 872 1955 949 ἐκείνους

33 965 318 1048 ἀνέντες
359 970 746 1057 νέμεσθαι),
788 966 942 1039 οὔτε
983 969 1210 1062 δρόμῳ
1249 970 1623 1059 χρήσασθαι
1662 975 1955 1060 δυναμέ-

33 1098 189 1140 νων
216 1068 380 1161 πρὸς
408 1071 670 1159 φυγήν,
702 1072 1174 1161 ἐμποδιζούσης
1209 1070 1459 1155 αὐτοὺς
1494 1080 1607 1162 τῆς
1634 1076 1789 1163 περὶ
1820 1090 1957 1155 τοῖς

37 1175 206 1243 ποσὶ
231 1173 486 1261 χαύνου
515 1178 812 1263 ἐσθῆτος.
843 1178 1174 1264 φαρέτρας
1199 1177 1274 1245 δὲ
1290 1179 1403 1247 καὶ
1417 1176 1573 1259 τόξα
1589 1171 1713 1245 οὐκ
1743 1176 1919 1265 εἶχον
1940 1200 1955 1212 ·

39 1283 120 1345 τί
140 1274 270 1364 γὰρ
299 1284 571 1367 ἔχρῃζον
596 1274 824 1347 αὐτῶν
849 1275 1016 1365 πρὸς
1052 1279 1337 1367 γάμους;
1382 1277 1603 1350 πολὺν
1646 1280 1721 1349 δὲ
1754 1282 1949 1368 ἐργα-
1987 1298 2018 1352 7

37 1378 330 1467 σάμενος
357 1376 392 1448 ὃ
427 1377 816 1462 Ἀντωνῖνος
844 1381 1058 1469 φόνον
1084 1389 1220 1451 τῶν
1248 1382 1639 1471 βαρβάρων,
1669 1390 1857 1452 λείαν
1886 1411 1955 1452 τε

37 1484 160 1551 καὶ
193 1482 644 1607 αἰχμαλώτους
675 1493 1098 1573 παμπληθεῖς
1122 1486 1497 1574 συλλαβῶν,
1527 1484 1723 1574 ἀπῄει
1748 1491 1955 1574 μηδε-

37 1582 161 1665 νὸς
187 1580 370 1678 αύτῳ
398 1582 848 1674 ἀνθεστῶτος,
877 1585 1100 1675 κιόμας
1127 1615 1196 1657 τε
1215 1590 1328 1656 καὶ
1355 1588 1578 1669 πόλεις
1607 1591 1953 1677 ἐμπιπράς,

37 1683 210 1768 δούς
237 1653 542 1771 ἐξόυσίαν
574 1704 711 1771 τοῖς
749 1712 1176 1779 στρατιωταις
1215 1686 1531 1779 ἁρπάζειν
1568 1713 1641 1759 τε
1680 1694 1956 1762 εκαστον

39 1785 82 1859 ὃ
111 1790 395 1861 δύναται
423 1788 602 1861 καὶ“
561 1821 598 1861 ο
626 1792 936 1881 βούλεται
961 1789 1162 1873 αὐτὸς
1189 1792 1580 1880 κτήσασθαι.

247 1893 527 1987 τοιούτῳ
567 1896 690 1983 μὲν
731 1896 815 1985 δὴ
861 1896 1066 1964 πάθει
1107 1895 1465 1985 ἐχρήσαντο
1518 1900 1589 1965 οἱ
1621 1894 1948 1985 βάρβαροι
1977 1916 2013 1969 8

35 1992 124 2064 ού
165 2000 732 2086 προσδοκηθέντι·
791 1994 828 2067 ὃ
882 1998 958 2067 δὲ
1005 1994 1396 2080 Ἀντωνῖνος
1447 2000 1557 2067 ἐπὶ
1612 1996 1785 2067 πολὺ
1838 2006 1952 2086 τῆς

33 2107 468 2187 Παρθυαίων
494 2108 614 2189 γῆς
641 2100 894 2189 ἐλάσας,
924 2096 1053 2189 ἤδη
1081 2103 1194 2171 καὶ
1227 2108 1363 2171 τῶν
1390 2108 1810 2192 στρατιωτῶν
1836 2128 1951 2171 κε-

35 2202 392 2291 κμηκότων
435 2205 510 2273 ἐν
549 2201 731 2295 αὐτῷ
773 2211 864 2298 τῶ
903 2199 1219 2291 ἁρπάζειν
1258 2206 1373 2275 καὶ
1426 2204 1773 2293 φονεύειν,
1832 2208 1952 2273 ἐπ-

0 2312 345 2394 ,ανῆλθεν
395 2308 462 2387 ἐς
505 2305 630 2394 τὴν
665 2315 1213 2396 Μεσοποταμίαν.
1272 2310 1413 2377 ἐκεῖ
1462 2308 1538 2377 δὲ
1592 2306 1951 2396 γενόμενος

35 2411 406 2478 ἐπιστέλλει
451 2416 530 2499 τῇ
577 2438 648 2479 τε
692 2409 1040 2502 συγκλήτῳ
1081 2412 1194 2479 καὶ
1246 2417 1338 2502 τῷ
1384 2407 1720 2498 Ῥωμαίων
1762 2410 1949 2502 δήμῳ

32 2518 262 2580 πᾶσαν
289 2508 620 2600 ἀνατολὴν
655 2520 1094 2601 κεχειρῶσθαι
1135 2514 1248 2581 καὶ
1276 2520 1389 2600 τῆς
1426 2516 1729 2583 ἐπέκεινα
1756 2520 1950 2601 βασιν-

31 2620 222 2694 λείας
249 2614 498 2695 πάντας
526 2612 708 2707 αὐτῷ
727 2618 1377 2705 παρακεχωρηκέναι.
1482 2613 1523 2704 ἡ
1552 2617 1628 2686 δὲ
1656 2616 1950 2705 σύγκλη-
1977 2634 2011 2688 9

32 2743 182 2803 τος,
213 2713 338 2786 οὐκ
367 2713 766 2805 ἀγνοοῦντες
792 2717 915 2805 μὲν
949 2714 1030 2787 τά
1056 2720 1487 2805 πεπραγμένα
1528 2724 1795 2805 (λαθεῖν
1821 2717 1948 2807 γὰρ

0 2872 1 2877 1
37 2825 207 2908 ἔργα
251 2822 576 2908 βασιλέως
615 2818 1010 2907 ἀδύνατον),
1055 2818 1232 2908 πλὴν
1292 2823 1428 2889 δέει
1471 2823 1583 2889 καὶ
1636 2829 1950 2911 κολακείᾳ

31 2928 439 3011 ψηφίζονται
479 2919 661 3016 αὐτῷ
707 2923 917 3005 πάσας
956 2919 1146 3011 τιμὰς
1199 2926 1585 3003 ἐπινικίους.
1662 2925 1949 3012 διέτριβε

33 3024 114 3093 δὲ
169 3022 336 3113 μετὰ
387 3031 594 3094 ταῦτα
661 3030 736 3097 ἐν
792 3033 872 3117 τῇ
917 3032 1401 3116 Μεσοποταμίᾳ
1455 3022 1492 3093 ὃ
1531 3022 1943 3113 Ἀντωνῖνος,

33 3123 396 3217 ἡνιοχείαις
421 3127 752 3215 σχολάζων
781 3131 893 3199 καὶ
919 3134 1130 3218 θηρία
1155 3124 1549 3197 παντοδαπὰ
1576 3124 1892 3216 ἀναιρῶν.

239 3220 412 3318 ἦσαν
442 3230 518 3299 δὲ
545 3227 728 3326 αὐτῶ
751 3232 1144 3321 ἐπάρχοντες
1171 3237 1295 3299 τοῦ
1316 3232 1766 3319 στρατοπέδου
1796 3230 1941 3318 δύο,
1972 3240 2047 3300 12

0 3376 4 3405 ·
36 3329 76 3403 ὃ
101 3332 228 3422 μὲν
259 3332 637 3423 πρεσβύτης
664 3333 846 3403 πάνυ
865 3386 884 3422 ,
911 3332 992 3403 τὰ
1031 3334 1154 3421 μὲν
1191 3330 1357 3403 ἀλλα
1386 3331 1652 3422 ἰδιώτης
1682 3335 1795 3402 καὶ
1820 3359 1947 3403 πο-

36 3442 314 3506 λιτικῶν
348 3436 758 3524 πραγμάτων
795 3434 1086 3525 ἀπείρως
1125 3443 1326 3524 ἔχων,
1367 3434 1832 3525 στρατιωτικὸς
1872 3436 1948 3506 δὲ

49 3544 456 3628 γεγενῆσθαι
513 3543 767 3609 δοκῶν·
842 3536 1186 3621 Ἀδεέντος
1244 3536 1453 3628 ὄνομα
1505 3535 1718 3635 αὐτῷ·
1768 3535 1821 3610 ,ὃ
1874 3540 1949 3610 δὲ
