2475 3859
436 124 516 189 34
1204 124 1381 185 111².st
1390 126 1557 187 TON

430 306 568 373 τῶν
619 297 1014 391 μονομάχων
1083 305 1539 386 καταγωγίου·
1614 298 2220 390 προσποιησάμενοι
2274 300 2349 369 δὲ

433 408 586 497 περὶ
612 409 750 474 τῶν
776 406 1012 495 ἐκείνῳ
1041 401 1510 493 διαφερόντων
1536 404 1943 473 σκέπτεσθαι
1984 408 2347 473 συντίθεν-

432 536 542 580 ται
568 507 830 597 φθάσαι
856 532 920 574 τι
945 504 1309 595 δράσαντες
1334 500 1376 593 ἢ
1404 516 1689 593 παθεῖν,
1722 504 1884 576 οὐδὲ
1910 503 2147 597 καιρὸν
2176 504 2351 575 εἶναι

371 636 407 691 8
434 611 810 705 μελλήσεως
839 603 882 699 ἢ
909 606 1262 697 ἀναβολῆς.
1367 606 1632 700 ἀρέσκει
1672 607 1755 699 δὴ
1800 615 2039 680 δοῦναι
2081 608 2349 699 φάρμα-

436 744 558 787 κον
577 711 978 803 δηλητήριον
1004 716 1099 805 τῷ
1125 710 1484 806 Κομμόδφ,
1499 710 1822 802 ὑπέσχετο
1851 710 1916 783 δ’
1950 710 2113 782 αὐτὸ
2142 716 2355 804 ῥᾷστα
2398 732 2431 772 5

437 820 682 891 δώσειν
707 812 749 905 ἡ
777 822 1060 906 Μαρκία
1077 834 1092 849 ·
1123 814 1355 885 εἰώθει
1396 814 1523 908 γὰρ
1567 814 1736 906 αὐτὴ
1776 815 2087 908 κιρνάναι
2126 842 2201 885 τε
2240 818 2357 884 καὶ

437 922 703 994 διδόναι
727 914 852 1007 τὴν
879 916 1150 1010 πρώτην
1174 918 1409 1004 πόσιν,
1441 915 1529 1001 ώς
1568 917 1765 1011 ῆδιον
1802 926 1943 990 πίοι
1981 916 2141 1010 παρ’
2184 922 2354 1009 ἐρω-

435 1028 657 1117 μένης.
713 1020 984 1092 ἐλθόντι
1019 1022 1096 1091 δὲ
1137 1018 1321 1115 αὐτῷ
1348 1019 1477 1091 ἀπὸ
1504 1030 1627 1094 τοῦ
1661 1028 1949 1112 λουτροῦ
1976 1026 2361 1111 ἐμβαλοῦσα

437 1134 506 1211 ἐς
530 1128 772 1198 κύλικα
796 1131 919 1195 τοῦ
961 1125 1354 1216 φαρμάκου,
1394 1136 1558 1221 οἴνῳ
1597 1154 1669 1196 τε
1711 1127 2048 1217 κεράσασα
2090 1123 2359 1211 εὐώδει,

439 1239 742 1303 δίδωσιν.
811 1226 850 1298 ὃ
889 1226 956 1298 δ’
1017 1225 1105 1309 ώς
1151 1228 1423 1319 συνήθη
1464 1238 1891 1320 φιλοτησίαν,
1936 1227 2099 1319 μετὰ
2138 1227 2358 1299 πολλοὶ
2401 1248 2447 1287 ¹⁰

353 1419 360 1431 .
440 1332 689 1425 λουτρὰ
729 1334 844 1403 καὶ
883 1330 1220 1421 γυμνάσια
1263 1330 1346 1401 τά
1386 1330 1550 1423 πρὸς
1600 1340 1810 1424 θηρία
1861 1338 2113 1418 διψῶν,
2169 1338 2363 1403 ἔπιεν

377 1457 412 1511 9
441 1436 883 1527 ἀναισθήτως.
992 1433 1252 1516 εὐθέως
1300 1436 1377 1505 δὲ
1414 1436 1617 1527 κάρος
1667 1440 1991 1507 ἐπέπεσεν
2034 1433 2253 1529 αὐτῷ,
2298 1439 2365 1516 ἐς

439 1540 662 1612 ὕπνον
698 1567 771 1609 τε
807 1539 1336 1628 καθελκόμενος,
1362 1534 1499 1610 ὑπὸ
1534 1540 1833 1629 καμάτου
1859 1544 2055 1609 τοῦτο
2082 1539 2365 1627 πάσχειν

441 1646 701 1735 οἰηθεὶς
753 1640 1193 1713 ἀνεπαύσατο.
1290 1638 1326 1712 ὁ
1380 1643 1456 1713 δὲ
1490 1640 1838 1724 ’Ἐκλεκτος
1891 1645 2005 1711 καὶ
2057 1649 2361 1732 Μαρκία,

442 1749 695 1828 πάντας
721 1744 1089 1835 ἀποστῆναι
1115 1745 1551 1827 κελεύσαντες
1591 1753 1657 1827 ἔς
1682 1774 1755 1816 τε
1789 1744 1872 1815 τὰ
1915 1751 2129 1815 οἰκεῖα
2167 1742 2359 1815 ἀπιέ-
2396 1768 2439 1808 15

441 1881 589 1938 ναι,
617 1846 902 1941 ἡσυχίαν
930 1848 1012 1940 δὴ
1053 1850 1549 1940 παρεσκεύαζον
1586 1847 1788 1944 αὐτῷ.
1859 1849 2091 1918 εἰώθει
2135 1850 2213 1919 δὲ
2249 1852 2364 1917 καὶ

443 1957 552 2026 ἐπὶ
579 1952 805 2025 ἀλλων
829 1960 1026 2023 τοῦτο
1053 1954 1338 2052 πάσχειν
1362 1950 1397 2022 ὁ
1423 1953 1777 2042 Κόμμοδος
1802 1948 1936 2022 ὑπὸ
1956 1952 2359 2042 κραιπάλης·

443 2059 763 2137 πολλάκις
789 2056 916 2147 γὰρ
942 2056 1353 2144 λουσάμενος
1366 2057 1478 2125 καὶ
1496 2056 1814 2135 πολλάκις
1832 2060 2085 2125 ἐσθίων
2114 2054 2363 2125 οὐδένα

443 2159 682 2251 καιρὸν
709 2160 885 2248 εἶχεν
913 2163 978 2239 ἐς
1004 2157 1389 2228 ἀνάπαυσιν
1418 2155 1809 2248 ὡρισμένον,
1828 2159 2223 2249 ἐπαλλήλοις
2249 2161 2365 2228 καὶ

446 2262 796 2353 διαφόροις
821 2260 1262 2350 συνεχόμενος
1286 2256 1592 2349 ἡδοναῖς,
1634 2257 1741 2343 αἷς
1780 2260 1863 2351 δὴ
1890 2262 2359 2351 καταλαβούσῃ
2392 2282 2434 2325 2⁰

349 2388 416 2441 10
448 2362 589 2458 ὥρα
614 2368 726 2435 καὶ
753 2363 938 2435 ἄκων
965 2363 1344 2434 ἐδούλευεν.
1450 2362 1555 2435 ἐπ’
1596 2363 1826 2453 ὀλίγον
1866 2366 1989 2453 μὲν
2030 2357 2155 2435 οὖν
2192 2362 2357 2455 ἡσύ-

446 2490 638 2559 χασε,
685 2470 838 2559 περὶ
880 2468 1209 2557 στόμαχον
1252 2467 1328 2537 δὲ
1372 2471 1483 2538 καὶ
1526 2476 1791 2538 κοιλίαν
1840 2474 1961 2539 τοῦ
2003 2469 2361 2558 φαρμάκου

447 2574 811 2661 γενομένου
843 2569 1095 2658 ἴλιγγός
1129 2598 1203 2641 τε
1242 2568 1450 2641 αὐτὸν
1492 2571 1985 2659 καταλαμβάνει
2028 2572 2257 2662 ἔμετός
2293 2600 2363 2641 τε

449 2673 656 2756 πολὺς
694 2678 1092 2762 ἐπιγίνεται,
1132 2668 1176 2764 ἢ
1215 2679 1333 2763 τῆς
1373 2678 1888 2766 προεγκειμένης
1938 2682 2193 2765 τροφῆς
2227 2673 2361 2764 ἅμα

448 2784 629 2872 ποτῷ
657 2782 882 2871 πολλῷ
910 2776 1290 2865 ἐξωθούσης
1314 2776 1391 2848 τὸ
1418 2778 1771 2869 φάρμακον
1788 2828 1807 2865 ,
1846 2772 1889 2869 ἢ
1934 2775 2049 2847 διὰ
2085 2777 2161 2849 τὸ
2190 2805 2354 2871 προ·
2386 2804 2427 2845 κ

450 2879 991 2971 λαμβανόμενον,
1021 2878 1186 2971 ὅπερ
1229 2880 1509 2953 εἰώθασι
1550 2891 1846 2972 βασιλεῖς
1886 2880 2193 2952 ἑκάστοτε
2236 2879 2360 2973 πρὸ

353 3002 418 3053 11
453 2985 664 3072 πάσης
687 2987 936 3074 τροφῆς
963 2984 1363 3073 λαμβάνειν,
1393 2986 1671 3075 κώλυμα
1698 2990 2136 3075 δηλητηρίων.
2187 2985 2360 3075 πλὴν

451 3086 620 3159 ἀλλά
645 3092 896 3158 πολλοῦ
922 3114 999 3174 γε
1025 3092 1145 3157 τοῦ
1173 3089 1407 3176 ἐμέτου
1436 3087 1646 3174 ὄντος,
1672 3090 2086 3178 φοβηθέντες
2112 3087 2201 3178 μὴ
2228 3095 2359 3159 πᾶν

450 3194 754 3281 ἐξεμέσας
791 3189 866 3260 τὸ
906 3191 1262 3281 φάρμακον
1305 3189 1615 3281 ἀνανήψῃ
1644 3193 1755 3260 καὶ
1783 3190 2025 3271 πάντες
2052 3188 2352 3261 ἀπόλων-

448 3324 587 3382 ται,
619 3302 898 3365 νεανίαν
923 3292 1073 3365 τινα
1099 3293 1310 3383 ὄνομα
1338 3295 1759 3383 Νάρκισσον,
1804 3293 2122 3383 γενναῖόν
2148 3323 2219 3365 τε
2246 3299 2353 3365 καὶ
2380 3300 2424 3371 ³⁸³

447 3396 817 3488 ἀκμαστήν,
859 3406 1222 3469 πείθουσιν
1251 3399 1643 3469 εἰσελθόντα
1662 3395 1781 3469 τὸν
1806 3398 2166 3488 Κόμμοδον
2190 3396 2348 3469 ἀπο-
