2475 3859
831 146 1138 207 ΤΡΙΤΟΝ
1328 145 1331 146 ’
1852 147 1928 209 73

0 341 184 403 γρου
233 320 356 384 τοῦ
396 314 820 404 πανταχόθεν
861 317 1251 387 κωλύεσθαι
1301 319 1499 387 ἕνεκα
1534 316 1659 408 τὴν
1698 324 1932 390 δίοδοιΙ

0 425 132 486 τοῦ
167 423 474 507 στρατοῦ.

220 518 390 589 κατὰ
427 522 551 609 μὲν
606 519 689 610 δὴ
742 527 1236 592 Καππαδοκίαν
1289 527 1497 590 ταῦτα
1551 523 1920 614 ἐπράττετο,
1952 539 1983 583 2³1

0 626 415 693 ἐστασίασαν
442 624 517 693 δὲ
543 622 711 715 πρὸς
743 621 1073 713 ἀλλήλους
1108 632 1200 717 τῷ
1229 620 1415 716 αὐτῷ
1443 623 1614 717 ζήλῳ
1649 629 1761 696 καὶ
1791 634 1924 717 [μί-κ

4 734 137 810 σει]
190 725 546 807 Λαοδικεῖς
598 727 722 816 μὲν
778 726 946 797 κατὰ
987 733 1255 817 Συρίαν
1292 724 1680 816 Ἀντιοχέων
1723 738 1924 819 μίσειῚ

0 825 180 899 κατὰ
207 829 285 898 δὲ
315 837 642 919 Φοινίκην
681 829 916 921 Τύριοι
948 838 1303 919 Βηρυτίων
1332 836 1549 917 ἔχθει·
1592 830 1924 920 μαθόντες

0 959 78 1001 τε
118 929 244 1001 τὸν
269 939 536 1022 Νίγρον
575 933 959 1022 πεφευγότα
986 932 1102 1014 τὰς
1129 933 1253 1020 μὲν
1278 931 1467 1019 τιμὰς
1509 937 1774 1005 ἐκείνου
1800 965 1924 1006 κα·-

1 1043 247 1104 θελείν
284 1035 770 1127 ἐπειράθησαν,
797 1035 916 1106 τὸν
943 1038 1020 1107 δὲ
1046 1043 1355 1126 Σευῆρον
1384 1032 1799 1127 εὐφήμησαν.
1832 1036 1920 1122 ῶς
1948 1063 1984 1103 4

5 1138 84 1207 δὲ
109 1137 474 1228 γενόμενος
513 1142 586 1208 ἐν
607 1136 970 1266 Ἀντιοχεία
1007 1146 1214 1210 ταῦτα
1258 1136 1293 1209 ὃ
1320 1147 1582 1266 Νίγρος
1607 1142 1920 1231 ἐπύθετο,Ι

4 1237 228 1322 αλλως
265 1242 389 1330 μὲν
416 1241 487 1311 τὰ
524 1232 693 1331 ἦθος
717 1244 1045 1335 πρότερον
1072 1240 1354 1333 χρηστὸς
1381 1238 1510 1331 ῶν,
1545 1240 1920 1333 ἀγανακτή-

2 1366 126 1425 σας
153 1344 229 1413 δὲ
257 1344 404 1415 τότε
431 1345 699 1428 εἰκότως
727 1348 835 1417 ἐπὶ
849 1354 928 1437 τῇ
953 1343 1309 1416 ἀποστάσει
1336 1343 1562 1415 αὐτῶν
1576 1349 1689 1415 καὶ
1702 1344 1920 1437 ὕβρει,

5 1448 364 1535 ἐπιπέμπει
397 1464 538 1529 ταῖς
573 1447 850 1519 πόλεσιν
889 1447 1294 1538 ἀμφοτέραις
1321 1457 1807 1538 Μαυρουσίους
1840 1478 1912 1520 τε

5 1546 397 1631 ἀκοντιστὰς
438 1547 559 1632 οὓς
589 1550 722 1639 εἶχε
748 1554 861 1621 καὶ
887 1554 1084 1642 μέρος
1114 1554 1431 1639 τοξοτῶν,
1482 1552 1802 1640 φονεύειν
1838 1581 1908 1623 τε

6 1650 169 1733 τοὺς
208 1654 732 1742 ἐντυγχάνοντας
769 1654 1090 1734 κελεύσας
1130 1656 1242 1723 καὶ
1283 1654 1669 1740 διαρπάζειν
1711 1654 1792 1725 τά
1834 1659 1903 1725 ἐν

8 1771 151 1835 ταῖς
180 1754 474 1845 πόλεσιν,
505 1753 712 1838 αὐτάς
739 1785 809 1827 τε
836 1757 1257 1846 ἐμπιπράναι.
1292 1762 1363 1826 οἰ
1384 1758 1459 1825 δὲ
1474 1758 1903 1847 Μαυρούσιοι
1960 1779 1992 1827 5

6 1855 196 1939 ὅντες
222 1860 687 1948 φονικῶτατοι,
718 1863 832 1930 καὶ
858 1858 971 1928 διὰ
1001 1858 1072 1928 τὸ
1101 1859 1405 1929 θανάτου
1430 1861 1545 1927 καὶ
1571 1859 1912 1930 κινδύνων

7 1963 256 2053 ῥᾳδίως
281 1979 730 2053 καταφρονεῖν
770 1963 986 2033 πάντα
1014 1968 1385 2050 τολμῶντες
1423 1958 1569 2050 μετ’
1604 1959 1916 2051 ἀπογνῶ-

7 2088 206 2150 σεως,
247 2065 674 2146 ἐπιπεσόντες
711 2083 849 2147 τοῖς
874 2071 1326 2136 Λαοδικεῦσιν
1366 2061 1452 2134 οὐ
1493 2071 1916 2155 προσδοκῶσι

7 2168 205 2236 παντὶ
233 2166 458 2262 τρόπῳ
489 2168 604 2238 τόν
629 2196 701 2239 τε
728 2174 942 2258 δῆμον
968 2170 1080 2237 καὶ
1106 2165 1228 2256 τὴν
1258 2167 1455 2238 πόλιν
1475 2168 1912 2259 ἐλυμήναντο,

10 2271 273 2340 ἐκεῖθέν
299 2298 370 2339 τε
411 2270 819 2353 σπεύσαντες
861 2274 968 2341 ἐπὶ
997 2268 1118 2359 τὴν
1155 2269 1380 2359 Τύρον
1415 2270 1635 2341 πᾶσάν
1660 2298 1733 2342 τε
1767 2274 1916 2342 ἐνέ-

9 2394 269 2463 πρησαν
294 2375 408 2442 καὶ
435 2366 690 2462 πολλὴν
719 2371 1030 2462 ἁρπαγὴν
1055 2376 1168 2443 καὶ
1189 2373 1413 2461 ’φόνον
1442 2373 1854 2462 εἰργάσαντο.

207 2475 466 2546 τούτων
513 2476 681 2546 κατὰ
724 2484 990 2566 Συρίαν
1039 2474 1415 2565 γινομένων
1458 2479 1571 2545 καὶ
1612 2482 1908 2567 Ιστρατοῦ
1936 2495 1968 2547 fi

9 2574 139 2648 ὑπὸ
177 2586 448 2667 Νίγρου
489 2577 1004 2670 ἀθροιζομένου,
1060 2576 1095 2648 ὃ
1139 2587 1261 2648 τοῦ
1289 2579 1599 2670 Σεεήρου
1640 2577 1916 2670 στρατὸς

11 2681 620 2771 προσκαθεζόμενος
665 2682 739 2752 τὸ
783 2690 995 2769 ἔρυμα
1035 2682 1429 2770 ἐπολιόρκει.
1512 2673 1685 2770 ἦσαν
1737 2682 1814 2751 δὲ
1850 2691 1920 2751 οἱ

13 2792 401 2872 στρατιῶται
443 2788 516 2853 ἐν
541 2792 754 2876 πολλῇ
795 2784 1058 2876 ἀθυμίᾳ
1097 2786 1209 2853 καὶ
1256 2781 1632 2871 ἀπογνῶσει
1660 2781 1912 2874 ὀχυροῦ

13 2913 80 2955 τε
106 2883 294 2968 ὄντος
319 2889 432 2957 καὶ
469 2889 811 2977 δυσμάχου
852 2890 966 2957 καὶ
1011 2888 1507 2975 πεφραγμένου·
1532 2883 1674 2976 ὄρει
1700 2914 1772 2955 τε
1797 2888 1912 2955 καὶ

12 2997 300 3081 κρημνῷ.
365 2987 494 3080 ἤδη
525 2991 599 3060 δὲ
624 2998 760 3060 τῶν
785 2990 908 3079 μὲν
935 2997 1053 3059 τοῦ
1084 2989 1397 3078 Σεεήρου
1427 2984 1903 3079 ἀπειρηκότων,
1932 3007 1964 3063 7

12 3098 144 3161 τῶν
169 3092 244 3162 δὲ
270 3097 594 3163 ἐναντίων
611 3090 976 3183 ἀμέριμνον
1003 3099 1176 3180 ἔχειν
1203 3090 1326 3181 τὴν
1344 3090 1654 3183 φρουρὰν
1684 3094 1903 3179 οἰομέ-

12 3221 182 3283 νων,
221 3196 486 3286 νύκτωρ
516 3202 872 3284 αἰφνιδίως
914 3192 1186 3283 ὅμβρων
1212 3202 1542 3285 μεγίστων
1573 3221 1903 3284 καταρρα-

16 3298 261 3383 γέντων
295 3297 517 3385 χιόνος
561 3326 632 3367 τε
671 3305 917 3385 πολλῆς
963 3302 1420 3387 (δυσχείμερος
1460 3295 1587 3387 γὰρ
1638 3304 1815 3366 πᾶσα
1858 3294 1903 3385 ἡ

15 3405 481 3490 Καππαδοκία,
510 3402 852 3490 ἐξαιρέτως
879 3400 953 3470 δὲ
979 3396 1015 3468 ὁ
1053 3405 1338 3489 Ταῦρος)
1363 3401 1567 3488 μέγας
1591 3400 1703 3468 καὶ
1730 3420 1903 3487 σφο-

17 3500 167 3593 δρὸς
204 3502 601 3596 χειμάρρους
640 3509 1113 3595 καταραχθείς,
1157 3504 1677 3592 ἑμποδισθέντος
1714 3498 1900 3597 αὐτῷ
