2475 3859
941 148 1389 211 ΔΕΥΤΕΡΟΝ
2034 148 2115 211 39

399 314 796 407 “Κόμμοδος
822 320 946 409 μὲν
972 315 1132 409 ἡμῖν
1171 316 1208 388 ὁ
1251 317 1567 409 βασιλεὺς
1592 322 1923 411 τέθνηκεν
1947 318 2112 393 οἰποψ
2145 340 2178 394 6

189 424 482 513 πληξίᾳ,
523 432 732 503 αἴτιος
772 423 847 493 δὲ
883 428 1007 493 τοῦ
1044 423 1354 509 τοιούτου
1404 424 1707 495 θανάτου
1748 422 1871 494 οὐκ
1924 422 2121 507 ἄλλος

189 523 350 595 ἀλλ’
386 521 585 605 αὐτὸς
612 519 795 619 αὐτῷ
812 548 828 563 ·
871 526 1413 615 συμβουλεύουσι
1437 524 1565 618 γὰρ
1592 523 1753 617 ἡμῖν
1777 526 1859 597 τὰ
1885 525 2120 619 ἄριστα

191 627 307 699 ἀεὶ
363 631 477 699 καὶ
529 628 820 718 σωτήρια
857 628 948 719 μὴ
1001 630 1439 719 πειθόμενος,
1492 627 1683 721 βιούς
1727 631 1802 701 δὲ
1856 626 1944 712 ὥς
1995 629 2121 701 οὐκ

129 765 159 803 5
197 730 545 821 ἀγνοεῖτε,
586 727 720 801 ὑπὸ
772 732 1078 823 πλήθους
1141 731 1533 822 ἀποπνιγεὶς
1574 733 1935 824 διεφθάρη.
2003 732 2121 804 τὸν

193 836 328 925 μὲν
358 826 484 905 οὖν
509 837 830 926 κατέλαβε
858 840 1040 917 τέλος
1063 834 1138 908 τὸ
1166 840 1632 928 πεπρωμένον·
1662 834 1822 907 οὐδὲ
1848 835 1976 928 γὰρ
2002 842 2121 926 μία

197 936 357 1009 οὐδ’
402 933 444 1029 ἡ
485 934 674 1027 αὐτὴ
695 944 899 1009 πᾶσιν
943 937 1334 1029 ἀνθρώποις
1372 941 1677 1011 θανάτου
1717 948 1927 1031 αἰτία,
1971 940 2117 1012 διά

197 1069 408 1135 φοροι
435 1040 508 1111 δὲ
539 1031 732 1111 οὖσαι
761 1046 825 1123 ἐς
854 1047 929 1111 ἓν
967 1046 1171 1133 τέρμα
1210 1051 1367 1132 βίου
1403 1049 1861 1115 συντελοῦσιν.
1966 1040 2116 1115 ἀλλ’
2153 1060 2185 1116 7

200 1142 358 1216 ἄντ’
393 1148 660 1215 ἐκείνου
699 1143 828 1235 γὰρ
867 1141 1030 1235 ὑμῖν
1067 1144 1318 1235 ἄγομεν
1354 1142 1541 1236 ἡμεῖς
1574 1176 1647 1217 τε
1688 1143 1875 1219 καὶὸ
1918 1154 2124 1237 δῆμος

119 1275 168 1315 ιο
200 1254 346 1319 τῶν
373 1244 710 1337 Ρωμαίων
735 1248 951 1339 ἄνδρα
975 1246 1100 1339 τὴν
1139 1250 1265 1340 μὲν
1304 1246 1573 1340 ἡλικίαν
1613 1247 1861 1339 σεμνὸν
1893 1249 2012 1321 τὸν
2050 1250 2124 1325 δε·

203 1358 365 1441 βίον
389 1350 745 1442 σώφρονα,
784 1350 1021 1443 ἀρετῆς
1049 1352 1125 1422 δὲ
1151 1358 1267 1444 τῆς
1294 1356 1367 1424 ἐν
1395 1360 1610 1445 ἔργοις
1640 1361 1983 1444 ἔμπειρον·
2030 1344 2126 1423 ὧν

204 1461 278 1525 οἱ
299 1455 426 1545 μὲν
452 1455 892 1547 πρεσβύτεροι
914 1459 1184 1526 καὶτῶν
1201 1464 1697 1548 στρατιωτικῶν
1715 1454 1926 1527 αὐτοῦ
1954 1457 2121 1549 πρά·

208 1563 384 1643 ξεων
412 1557 844 1650 ἐπειράθητε,
880 1564 950 1629 oc
984 1560 1061 1629 δὲ
1086 1562 1306 1629 λοιποὶ
1333 1566 1450 1649 τῆς
1476 1561 1730 1641 πόλεως
1756 1560 2125 1651 ἐπάρχοντα

207 1660 551 1733 τοσούτων
577 1665 748 1731 ἐτῶν
773 1660 877 1734 ἀεὶ
907 1660 1019 1732 διὰ
1043 1668 1234 1752 τιμῆς
1260 1691 1332 1733 τε
1370 1666 1483 1733 καὶ
1508 1664 1853 1753 θαύματος
1880 1670 2123 1751 ἔσχετε.

129 1792 178 1835 15
213 1771 463 1837 δίδωσί
505 1793 578 1835 τε
616 1761 779 1855 ὑμῖν
815 1762 857 1855 ἡ
899 1766 1064 1855 τύχη
1103 1763 1186 1835 οὐ
1225 1770 1502 1855 βασιλέα
1542 1768 1751 1855 μόνον
1792 1764 1961 1836 ἀλλὰ
2012 1767 2126 1836 καὶ
2158 1781 2195 1835 8

211 1870 466 1959 πατέρα
491 1867 798 1994 χρηστόν.
854 1866 1181 1958 εὐφρανεῖ
1203 1896 1276 1938 τε
1306 1865 1347 1958 ἡ
1376 1866 1638 1940 τοῦδε’
1602 1866 1767 1959 αρχὴ
1798 1866 1920 1956 οὐχ
1959 1864 2130 1957 ὑμᾶς

215 1971 425 2074 μόνον
449 1998 605 2053 τους
631 1976 955 2043 ἐνταυθοῖ
981 1976 1563 2063 δορυφοροῦντας,
1611 1968 1778 2042 ἀλλὰ
1822 1970 1935 2040 καὶ
1974 1967 2132 2053 τοὺς

219 2070 330 2147 ἐπὶ
356 2090 500 2155 ταῖς
527 2071 763 2163 οχθαις
787 2102 926 2145 των
951 2081 1269 2164 ποταμῶν
1305 2076 1418 2145 καὶ
1456 2072 1612 2157 τοὺς
1642 2076 1749 2143 ἐπὶ
1786 2090 1926 2155 τοῖς
1952 2070 2132 2165 ὅροις

217 2184 334 2267 τῆς
359 2174 698 2267 Ρωμαίων
728 2175 934 2268 ἀρχῆς
974 2180 1410 2269 ἱδρυμένους,
1456 2185 1522 2247 οἳ
1558 2175 1683 2266 τὴν
1723 2192 1967 2266 πεῖραν
2004 2173 2128 2247 αῦ-

133 2309 189 2349 20
221 2285 341 2353 τοῦ
371 2308 506 2351 των
534 2287 754 2371 ἔργων
780 2283 1062 2371 φέρουσι
1091 2279 1206 2351 δια
1231 2281 1509 2372 μνήμης.
1589 2279 1667 2350 τό
1691 2308 1763 2405 τῖε
1790 2279 2134 2371 βάρβαρον

220 2382 303 2455 οὐ
329 2384 656 2475 χρήμασιν
684 2390 780 2453 ἔτι
805 2383 1342 2474 θεραπεύσομεν,
1360 2391 1557 2477 πείρᾳ
1586 2374 1743 2454 δὲ
1691 2411 1790 2453 ων
1816 2380 1981 2474 πρὸς
2009 2380 2130 2453 αὐ-

220 2491 342 2559 τοῦ
367 2486 750 2559 πεπόνθασι
774 2492 1302 2577 στρατηγοῦντος
1318 2487 1509 2581 φόβω
1536 2482 2031 2571 ὑποτάξονται’.”

421 2597 696 2661 τοιαῦτα
735 2588 818 2680 δὴ
844 2593 1150 2677 λέγοντος
1183 2596 1305 2661 τοῦ
1329 2598 1617 2676 Λαίτου,
1658 2588 1749 2679 μὴ
1787 2584 2134 2679 κατασχών
2162 2598 2196 2655 9

227 2690 466 2765 ἑαυτὸν
507 2690 544 2765 ὁ
586 2698 823 2783 δῆμος,
865 2692 1247 2783 μελλόντων
1284 2696 1397 2763 καὶ
1436 2691 1826 2765 ὀκνούντων
1867 2699 1963 2763 ἔτι
2001 2695 2139 2761 τῶν

145 2832 199 2875 25
229 2803 684 2887 στρατιωτῶν,
711 2796 1038 2885 σεβαστόν
1067 2822 1138 2865 τε
1166 2794 1566 2889 ἀναγορεύει
1594 2798 1709 2866 καὶ
1736 2798 1990 2886 πατέρα
2016 2820 2135 2862 κα-

229 2910 329 2971 λεῖ
356 2900 595 2981 πάσαις
619 2928 692 2969 τε
729 2907 1026 2991 γεραίρει
1067 2897 1445 2989 εὐφημίαις.
1498 2900 1645 2970 τότε
1683 2890 1797 2969 οιαὶ
1835 2902 1904 2968 οἱ
1938 2918 2136 2988 στρα-

229 3008 492 3089 τιῶται,
523 3001 644 3091 οὐχ
671 2998 864 3094 ὁμοία
906 3004 1029 3092 μὲν
1056 3011 1441 3095 προθυμίᾳ,
1484 3010 1565 3092 τῇ
1608 3003 1684 3073 δὲ
1730 3004 1805 3071 ἐκ
1848 3005 1970 3071 τοῦ
2010 3024 2137 3069 πα-

234 3107 464 3198 ρόντος
503 3106 808 3196 πλήθους
851 3103 1108 3196 ἀνάγκη
1153 3109 1296 3189 (καὶ
1332 3104 1462 3197 γὰρ
1502 3098 1675 3195 ἦσαν
1718 3102 2145 3193 πανταχόθεν

235 3205 365 3281 ὑπὸ
407 3215 527 3280 τοῦ
571 3210 788 3299 δήμου
827 3212 1400 3301 περιειλημμένοι,
1442 3205 1655 3297 ὀλίγοι
1701 3236 1773 3277 τε
1813 3209 1928 3277 καὶ
1978 3204 2145 3277 ἄνευ

159 3348 211 3390 ω
240 3318 373 3383 τῶν
399 3309 632 3383 ὅπλων
657 3308 746 3393 ὡς
773 3317 849 3383 ἐν
875 3318 1285 3405 ἱερομηνίᾳ),
1314 3310 1491 3401 πλὴν
1519 3310 2011 3399 συνεξεβόησαν
2037 3308 2149 3379 καὶ
2182 3328 2253 3382 10

239 3414 562 3505 σεβαστὸυ
587 3432 954 3508 προσεῖπον
977 3413 1096 3486 τὸν
1121 3422 1536 3507 Περτίνακα·
1567 3421 1631 3495 ἔς
1670 3442 1743 3485 τε
1770 3411 1843 3483 τὸ
1885 3416 2148 3483 ἐκείνου

241 3516 446 3609 ὄνομα
472 3516 628 3601 τοῦς
655 3520 979 3608 συνήθεις
1005 3516 1248 3610 ὅρκους
1273 3518 1629 3609 ὀμόσαντες
1654 3519 1766 3587 καὶ
1792 3516 2146 3599 θύσαντες,
