2475 3859
505 119 586 181 90
1314 122 1621 181 TPITON

506 292 854 384 ἠρέσκετο,
891 288 1041 363 ἀλλῗ
1075 289 1372 381 ἐπαχθὴς
1405 288 1534 382 ἤδη
1562 294 1673 363 καὶ
1706 290 1921 381 βαρὺς
1947 291 2238 385 κάκείνω
2268 293 2410 381 ε’γέ-

505 424 690 484 νετο,
717 393 805 477 ὥς
833 397 944 465 καὶ
970 404 1305 481 περιελεῖν
1348 395 1497 466 τινὰ
1542 394 1753 467 αὐτοῦ
1794 403 1908 483 τῆς
1950 400 2253 479 ἐξουσίας
2296 395 2410 466 τὸν

508 508 850 589 Σευῆρον,
893 500 1006 567 καὶ
1059 515 1279 569 πεῖσαι
1336 498 1653 577 κολούειν,
1689 498 1761 570 τό
1817 495 2243 588 ὑπερβάλλον
2296 507 2411 587 τῆς

439 622 476 675 4
508 602 906 687 ἀλαζονείας.
1012 596 1056 669 ἃ
1093 600 1175 690 δὴ
1204 600 1294 692 μὴ
1322 605 1551 691 φέρων
1597 600 1630 673 ὅ
1671 601 2095 683 Πλαυτιανός
2132 602 2409 691 ἐτόλμη-

500 730 620 778 σεν
651 710 1126 794 ἐπιβουλεῦσαι
1151 713 1230 794 τῇ
1262 703 1449 795 ἀρχῇ.
1473 707 1585 775 καὶ
1604 712 1971 795 μηχανᾶται
1997 706 2231 776 τοιάδε.
2260 715 2407 775 Σα-
2438 727 2457 765 ⁵

502 825 804 899 τορνῖνος
829 797 914 898 ἦν
953 802 1046 888 εἷς
1071 815 1206 878 τῶν
1244 806 1364 879 ὑπ’
1412 805 1592 901 αὐτῷ
1620 807 2159 898 χιλιαρχούντων.
2212 798 2413 889 οὗτος

501 910 1054 1000 ὑπερβαλλόντως
1081 910 1201 981 τὸν
1219 910 1649 981 Πλαυτιανόν
1677 912 2047 1000 ἐθεράπευε
2064 934 2079 948 ·
2109 914 2220 981 καὶ
2246 908 2411 981 πάν·

500 1044 636 1086 των
660 1016 784 1104 μὲν
801 1022 996 1086 τοῦτο
1025 1014 1423 1102 ποιούντων,
1442 1019 1696 1095 ἐκεῖνος
1714 1015 1789 1085 δὲ
1802 1024 2060 1085 πλείονι
2080 1022 2413 1105 θρησκείᾳ

502 1115 794 1211 ᾠκείωτο
847 1113 1076 1187 αὐτόν.
1159 1124 1400 1187 τοῦτον
1448 1118 1841 1188 πιστότατον
1880 1112 2243 1209 ἡγούμενος
2297 1120 2409 1187 καὶ

502 1220 916 1310 ἀπορρήτους
941 1219 1150 1309 μόνον
1176 1216 1325 1291 οἷόν
1354 1250 1427 1292 τε
1460 1222 1749 1309 φυλάξαι
1776 1225 1888 1292 καὶ
1916 1227 2257 1309 πληρῶσαι
2294 1224 2404 1291 ἐν-
2438 1252 2471 1291 ιο

500 1324 728 1411 τολάς,
769 1325 923 1412 περὶ
963 1330 1195 1412 δείλην
1232 1324 1821 1413 μεταπεμψάμενος
1860 1323 2129 1395 πάντων
2164 1321 2409 1394 ἀνακε-

439 1455 472 1505 5
507 1426 906 1516 χωρηκότων
950 1423 1127 1496 “νῦν
1177 1448 1284 1497 σοι
1334 1424 1593 1513 καιρός”
1654 1436 1783 1518 ἔφη
1822 1424 2049 1509 “τέλος
2098 1443 2409 1515 γενναῖον

502 1534 838 1601 ἐπιθεῖναι
879 1526 1114 1621 εὐνοίᾳ
1154 1558 1224 1599 τε
1266 1533 1379 1601 καὶ
1422 1527 1755 1621 ὑπηρεσίᾳ
1804 1525 1890 1620 ἢν
1923 1528 2089 1617 πρός
2127 1557 2208 1618 με
2254 1533 2407 1599 ἐπε-

501 1635 718 1721 δείξω,
736 1636 887 1720 ἐμοί
906 1661 976 1703 τε
996 1629 1422 1721 ἀμείψασθαί
1443 1659 1517 1704 σε
1543 1630 1677 1705 κατ’
1710 1630 1903 1715 ἀξίαν
1916 1634 2029 1703 καὶ
2055 1631 2179 1722 τὴν
2196 1654 2407 1720 προσ-

499 1736 800 1825 ήκουσαν
837 1736 1034 1824 χάριν
1072 1733 1477 1807 ἀποδοῦναι.
1529 1737 1873 1825 πρόκειται
1898 1740 1979 1807 δέ
2010 1757 2115 1807 σοι
2157 1740 2407 1825 αἵρεσις
2434 1762 2468 1803 ιε

480 1830 542 1928 ἢ
571 1846 690 1909 τοῦ
723 1838 892 1909 εἶναι
934 1836 1101 1928 ὅπερ
1139 1840 1253 1929 ἐμὲ
1292 1849 1423 1911 νῦν
1462 1836 1623 1932 ὁρᾷς
1662 1837 1855 1928 ὄντα,
1893 1841 2006 1909 καὶ
2042 1837 2246 1927 τήνδε
2286 1837 2406 1927 τὴν

501 1947 808 2026 ἐξουσίαν
853 1951 1267 2032 παραλαβεῖν
1316 1943 1793 2035 διαδεξάμενόν
1832 1970 1913 2032 με
1932 1994 1952 2031 ,
1992 1936 2037 2033 ἦ
2083 1942 2406 2013 τεθνάναι

436 2063 472 2116 6
499 2043 740 2117 αὐτίκα
774 2042 1123 2127 ἀπειθείας
1149 2043 1529 2135 ὑποσχόντα
1554 2054 1900 2136 τιμωρίαν.
1979 2047 2151 2136 μηδέ
2178 2067 2257 2115 σε
2288 2052 2406 2114 τοῦ

498 2156 702 2239 ἔργου
729 2147 804 2218 τὸ
835 2151 1122 2238 μέγεθος
1149 2152 1559 2237 έκπληττέτω
1576 2201 1597 2237 ,
1624 2150 1792 2239 μηδὲ
1816 2146 1891 2219 τὸ
1920 2156 2055 2219 τῶν
2078 2151 2407 2237 βασιλέων

497 2249 706 2339 ὄνομα
735 2253 1123 2340 ταραττέτω.
1194 2254 1467 2322 εἰσιέναι
1511 2251 1639 2344 γὰρ
1678 2256 1867 2341 μέχρι
1906 2260 2025 2322 τοῦ
2066 2258 2405 2340 δωματίου
2430 2282 2473 2321 w

497 2361 669 2423 ἔνθα
709 2349 1166 2423 ἀναπαύονται
1197 2354 1482 2424 δύνασαι
1512 2355 1747 2444 μόνος,
1786 2351 1900 2425 ἅτε
1937 2354 2059 2443 τὴν
2096 2382 2409 2444 νυκτερι-

497 2454 624 2544 νὴν
669 2455 981 2544 φρουρὰν
1022 2460 1094 2525 ἐκ
1131 2456 1456 2545 περιόδου
1501 2460 2079 2549 ἐγκεχειρισμένος.
2162 2454 2202 2527 ὅ
2240 2486 2307 2527 τι
2341 2454 2403 2527 δ’

497 2554 584 2627 ἂν
621 2562 863 2647 μέλλῃς
901 2558 1249 2647 πράττειν,
1292 2561 1656 2631 λανθάνων
1702 2561 2059 2643 ἀκωλύτως
2110 2564 2177 2641 ές
2226 2564 2410 2641 τέλος

498 2658 706 2749 ἄξεις,
739 2663 882 2731 ἐπεὶ
920 2658 1070 2749 μήτ’
1118 2663 1230 2750 ἐμὲ
1270 2672 1542 2734 τοιαῦτα
1580 2672 1677 2735 ἔτι
1717 2671 2029 2736 κελεῦσαι
2066 2664 2409 2752 προσδόκα

433 2785 466 2841 ’1
498 2764 660 2855 μήτε
686 2765 759 2835 σὲ
788 2768 1172 2835 ἐπακοῦσαι.
1276 2763 1524 2838 ἄνελθε
1552 2767 1637 2856 δὴ
1666 2772 1731 2849 ἐς
1759 2765 1881 2860 τὴν
1910 2774 2253 2857 βασίλειον
2281 2764 2406 2837 αύ-
2434 2793 2475 2835 25

495 2870 654 2959 λήν,
687 2870 799 2938 καὶ
831 2864 920 2949 ὥς
947 2896 1129 2949 τινας
1170 2864 1481 2958 ἀγγελίας
1521 2872 1913 2960 ἐπειγούσας
1956 2873 2067 2942 καὶ
2108 2867 2409 2961 ἀπορρή-

495 3000 652 3053 τους
693 2967 856 3058 παρ’
901 2974 1064 3058 ἐμοῦ
1105 2973 1335 3060 φέρων
1376 2974 1791 3044 ἐπεισελθὼν
1830 2971 2057 3056 αὐτοῖς
2098 2970 2408 3044 ἀπόκτει-

495 3102 638 3145 νον.
669 3071 841 3163 ἀνὴρ
872 3073 949 3144 δὲ
976 3090 1283 3162 γενναῖος
1309 3085 1535 3166 γενοῦ,
1566 3081 1813 3170 ῥᾳδίως
1840 3076 2409 3165 κατεργασάμενος

494 3176 878 3270 πρεσβύτην
905 3204 976 3245 τε
1004 3179 1117 3247 καὶ
1157 3179 1533 3268 παιδάριον.
1585 3180 1927 3271 μετασχών
1952 3178 2080 3271 γὰρ
2109 3178 2183 3249 τὸ
2210 3181 2407 3269 μέρος

493 3287 629 3349 τῶν
655 3279 1020 3365 κινδύνων,
1037 3282 1337 3367 μεθέξεις
1362 3285 1476 3352 καὶ
1502 3291 1637 3353 τῶν
1664 3291 1993 3372 μεγίστων
2021 3290 2135 3370 τῆς
2160 3310 2403 3371 κατορ-
2432 3312 2474 3353 ω

497 3381 774 3461 θώσεως
800 3378 1063 3469 τιμῶν.”

701 3490 909 3552 ταῦτα
945 3479 1237 3564 ἀκούσας
1290 3479 1327 3554 ὁ
1364 3484 1703 3575 χιλιάρχης
1754 3485 2073 3574 ἐξεπλάγη
2125 3484 2250 3573 μὲν
2286 3482 2405 3572 τὴν
