2475 3859
387 129 469 193 20
1168 130 1526 193 ΠΡΩΤΟΝ
1626 137 1633 151 ’

389 301 558 394 ἀρχῇ
587 300 868 372 ἑκάστου
895 308 1116 388 ἔτους,
1147 298 1519 395 ὡρισμένης
1556 298 1806 393 ἡμέρας
1824 356 1842 388 ,
1883 305 2079 393 μητρὶ
2122 306 2311 372 θεῶν

391 403 665 495 πομπὴν
689 410 954 475 τελοῦσι
987 401 1291 495 Ῥωμαῖοι
1310 429 1325 443 ·
1370 410 1484 476 καὶ
1524 406 1742 476 πάντα
1784 403 1908 476 ὅσα
1949 402 2106 496 παρ’
2154 404 2307 475 ἑκά-

391 530 572 589 στοις
597 507 892 579 πλούτου
920 506 1224 597 σύμβολα
1250 509 1560 601 κειμήλιά
1589 538 1663 580 τε
1688 512 2022 599 βασιλέων
2047 506 2213 597 ὕλης
2236 534 2313 577 τε

391 608 436 703 ἦ
461 615 694 701 τέχνης
717 610 1066 701 θαύματα,
1101 618 1216 701 τῆς
1242 620 1415 683 θεοῦ
1442 613 1925 704 προπομπεύει.
1980 610 2211 693 ἅνετός
2235 638 2313 680 τε

393 721 558 787 πᾶσι
597 717 864 784 δέδοται
903 717 1170 798 ἐξουσία
1220 723 1653 807 παντοδαπῆς
1690 722 1961 797 παιδιᾶς
1976 768 1994 803 ,
2038 714 2314 793 ἕκαστός
2348 743 2372 783 5

392 847 466 892 τε
503 816 542 887 ὃ
580 817 894 906 βούλεται
931 824 1148 907 σχῆμα
1188 815 1623 911 ὑποκρίνεται
1644 843 1659 859 ·
1707 818 1866 890 οὐδ’
1911 826 2093 889 ἔστιν
2134 816 2314 889 οὕτω

395 925 562 1014 μέγα
587 916 630 1009 ἢ
659 923 997 1012 ἐξαίρετον
1021 920 1312 1013 ἀξίωμα,
1343 920 1381 994 ὃ
1420 922 1509 1014 μὴ
1551 926 1753 994 παντὶ
1790 929 1883 1017 τῷ
1922 924 2315 1016 βουλομένῳ

395 1023 839 1115 ἀμφιεσθέντι
881 1021 1162 1117 ὑπάρχει
1196 1030 1431 1109 παῖξαί
1462 1055 1535 1096 τε
1572 1028 1686 1097 καὶ
1712 1027 1965 1118 κρύψαι
1992 1024 2119 1116 τὴν
2150 1023 2313 1115 ἀλή-

395 1141 630 1214 θειαν,
661 1123 748 1209 ὥς
775 1125 864 1217 μὴ
893 1132 1143 1220 ῥᾳδίως
1179 1136 1550 1218 διαγνῶναι
1590 1128 1711 1199 τόν
1735 1157 1807 1199 τε
1846 1126 2010 1199 ὄντα
2048 1130 2159 1198 καὶ
2195 1126 2317 1197 τὸν

338 1246 373 1301 6
399 1232 831 1322 μιμούμενον.
939 1236 1125 1315 ἔδοξε
1169 1230 1253 1322 δὴ
1294 1239 1387 1327 τῷ
1427 1236 1765 1326 Ματέρνω
1818 1230 2047 1321 καιρὸς
2089 1230 2310 1320 ἐπιτή-
2354 1255 2393 1294 1⁰

401 1343 580 1417 δειος
608 1334 782 1405 εἶναι
817 1338 885 1415 ἐς
921 1334 998 1404 τό
1025 1334 1150 1425 τὴν
1177 1335 1546 1426 ἐπιβουλὴν
1584 1345 1859 1406 λαθεῖν·
1912 1334 2152 1425 ῆλπισε
2190 1332 2318 1423 γὰρ

399 1436 600 1520 αὐτός
625 1466 696 1508 τε
724 1436 1084 1527 ἀναλαβών
1109 1436 1185 1508 τὸ
1205 1445 1343 1509 των
1364 1439 1769 1531 δορυφόρων
1794 1444 2009 1529 σχῆμα
2026 1439 2139 1507 καὶ
2164 1436 2320 1517 τοὺς

400 1542 530 1613 σὺν
555 1538 736 1635 αὐτῷ
765 1537 1043 1623 ὁπλίσας
1061 1537 1326 1631 ὁμοίως,
1342 1540 1663 1632 ἀναμίξας
1690 1570 1760 1612 τε
1786 1548 1879 1637 τῷ
1908 1540 2157 1632 πλήθει
2184 1546 2320 1611 τῶν

403 1646 833 1736 αἰχμοφόρων
858 1647 972 1715 καὶ
996 1652 1112 1735 τῆς
1147 1652 1415 1737 πομπῆς
1450 1648 1801 1736 νομισθεὶς
1841 1648 2071 1737 μέρος,
2111 1650 2315 1735 μηδε-

404 1749 520 1830 νός
579 1776 652 1818 τε
709 1754 1348 1840 προφυλαττομένου
1398 1756 1759 1839 αἰφνιδίως
1810 1745 2149 1820 ἐπιπεσών
2197 1746 2319 1818 τὸν
2356 1765 2395 1804 ¹5

343 1865 376 1920 7
403 1853 766 1943 Κόμμοδον
814 1853 1326 1943 διαχρήσασθαι.
1428 1852 1599 1925 ἀλλὰ
1650 1859 2011 1945 προδοσίας
2046 1855 2322 1941 γενομέ-

405 1986 555 2047 νης,
581 1959 695 2025 καὶ
722 1962 928 2026 τινοῖν
952 1964 1091 2028 τῶν
1115 1956 1246 2027 σὺν
1272 1956 1453 2051 αὐτῷ
1481 1956 2085 2050 προκατελθόντων
2109 1959 2175 2036 ἐς
2200 1952 2329 2044 τὴν

407 2062 605 2129 πόλιν
644 2060 757 2127 καὶ
793 2057 920 2147 τὴν
961 2060 1329 2149 ἐπιβουλὴν
1370 2061 1829 2131 κατειπόντων
1870 2058 2159 2148 (φθόνος
2196 2057 2326 2147 γὰρ

407 2157 653 2240 αὐτούς
680 2163 747 2239 ἐς
773 2168 970 2231 τοῦτο
997 2163 1429 2251 παρώξυνεν,
1471 2170 1532 2232 εἰ
1572 2162 1655 2252 δῆ
1698 2170 1979 2254 ἔμελλον
2012 2159 2161 2232 ἀντὶ
2200 2170 2320 2250 λῃ-
2450 2160 2452 2177 ²

408 2269 572 2333 στοῦ
609 2262 941 2353 δεσπότην
980 2266 1156 2345 ἕξειν
1206 2267 1319 2334 καὶ
1356 2269 1683 2353 βασιλέα),
1730 2269 1893 2357 πρὶν
1931 2269 2163 2336 ἐλθεῖν
2198 2262 2324 2354 τῆν
2356 2288 2401 2327 2⁰

410 2363 647 2457 ἑορτὴν
681 2362 880 2446 αὐτός
905 2392 976 2434 τε
1015 2362 1050 2435 ὁ
1093 2367 1449 2459 Μάτερνος
1487 2372 1907 2458 συλληφθεὶς
1942 2367 2069 2459 τὴν
2109 2395 2323 2456 κεφα-

410 2468 537 2559 λὴν
563 2466 915 2558 ἀπετμήθη
942 2470 1054 2537 καὶ
1081 2474 1149 2537 οἱ
1180 2471 1559 2560 συνωμόται
1586 2470 1769 2555 ἀξίας
1794 2468 2087 2561 ὑπέσχον
2114 2477 2325 2551 δίκας.

409 2570 447 2644 ὁ
477 2573 550 2643 δὲ
575 2570 926 2661 Κόμμοδος
951 2572 1172 2653 θύσας
1195 2600 1268 2643 τε
1293 2581 1374 2665 τῇ
1400 2581 1544 2670 θεῷ
1578 2578 1693 2645 καὶ
1730 2575 2143 2668 χαριστήρια·
2162 2570 2321 2664 ὁμο-

412 2674 696 2765 λογήσας
720 2672 844 2763 τὴν
885 2672 1122 2765 ἑορτὴν
1148 2678 1477 2765 ἐπετέλει,
1499 2682 1893 2770 παρέπεμπέ
1911 2706 1984 2749 τε
2010 2676 2133 2767 τὴν
2159 2675 2328 2749 θεὸν

412 2788 685 2871 χαίρων.
738 2780 852 2847 καὶ
877 2777 1170 2867 σωτήρια
1200 2787 1321 2851 τοῦ
1346 2785 1671 2871 βασιλέως
1708 2780 1744 2853 ὅ
1791 2789 1997 2875 δῆμος
2023 2779 2187 2871 μετὰ
2211 2786 2327 2870 τῆς
2357 2806 2401 2848 25

420 2886 649 2975 ἑορτῆς
677 2880 1174 2972 ἐπανηγύριζεν.

325 2986 395 3045 11
621 2985 1077 3075 θρησκεύουσι
1130 2991 1171 3054 δ
1175 2987 1205 3055 ὲ
1246 2986 1524 3075 μάλιστα
1562 2986 1688 3076 τὴν
1725 2984 1897 3056 θεὸν
1932 2985 2134 3076 τήνδε
2172 2982 2323 3055 Ῥω-

422 3106 606 3181 μαῖοι
634 3091 700 3172 ἐξ
739 3095 954 3168 αἰτίας
989 3088 1329 3177 τοιαύτης,
1377 3086 1466 3170 ὦς
1502 3095 1760 3181 ἱστορίᾳ
1798 3089 2327 3181 παρειλήφαμεν,

422 3186 500 3282 ῆς
527 3197 1020 3281 ἐπιμνησθῆναι
1048 3194 1233 3274 ἔδοξε
1268 3189 1380 3262 διὰ
1418 3190 1543 3281 τὴν
1580 3189 1739 3283 παρ’
1778 3187 2115 3282 Ἑλλήνων
2152 3195 2330 3262 τισὶν

423 3293 784 3382 ἀγνωσίαν.
838 3292 1001 3364 αὐτὸ
1029 3294 1152 3383 μὲν
1177 3293 1253 3364 τὸ
1282 3293 1543 3383 ἄγαλμα
1571 3294 1860 3374 διιπετὲς
1888 3295 2062 3365 εἶναι
2088 3297 2325 3382 λέγου-
2360 3324 2403 3367 ³⁰

425 3418 571 3483 σιν,
597 3393 754 3465 οὔτε
782 3396 1006 3486 δὲτὴν
1042 3395 1214 3488 ὕλην
1254 3396 1408 3468 οὔτε
1444 3404 1763 3485 τεχνιτῶν
1800 3394 1979 3478 ὅστις
2020 3402 2332 3485 ἐποίησεν

425 3501 866 3585 ἐγνωσμένον,
889 3497 1049 3569 οὐδὲ
1073 3499 1375 3582 ψαυστόν
1397 3498 1616 3594 χειρὸς
1640 3498 2097 3594 ἀνθρωπίνης.
2134 3505 2331 3569 τοῦτο
