2475 3859
493 127 616 190 192
1250 129 1595 192 OI'AOON

462 299 794 386 σώζεσθαι
845 301 960 370 καὶ
997 298 1122 389 τὴν
1157 306 1447 390 πατρίδα
1488 299 1753 386 σώζειν,
1796 299 2097 382 διδόντος
2135 297 2369 383 αὐτοῖς

462 411 754 495 χρηστοῦ
770 405 1092 492 βασιλέως
1107 400 1475 492 ἀμνηστίαν
1490 399 1895 492 συγγνώμην
1912 431 1981 472 τε
1998 410 2134 473 τῶν
2146 401 2367 494 ἆμαρ-

462 509 840 595 τηθέντων·
885 503 970 576 ού
1011 505 1137 597 γὰρ
1189 503 1435 587 αὐτούς
1478 513 1731 588 αἰτίους
1764 515 2169 595 γεγενῆσθαι
2208 504 2360 577 ἀλλ’

398 619 436 674 3
463 607 726 691 ἄλλους.
829 615 900 680 os
919 609 1044 698 μὲν
1067 600 1194 680 οὖν
1223 611 1531 699 πρέσβεις
1556 608 1829 680 τοιαῦτά
1857 637 2004 680 τινα
2028 609 2207 680 κάτω
2236 637 2363 680 πα-

460 720 779 803 ρεστῶτες
805 713 1040 802 ἐβόων,
1071 708 1160 794 ὦς
1187 713 1549 796 ἐξάκουστα
1574 722 1677 802 εἴη
1694 735 1709 750 ·
1740 708 1776 782 ὅ
1804 712 1883 782 δὲ
1904 721 2211 794 πλεῖστος
2240 718 2359 801 δῆ-
2377 735 2399 776 5

458 843 578 904 μσς
603 823 696 909 τῷ
721 824 922 905 τείχει
949 818 1064 886 καὶ
1094 832 1232 897 τοῖς
1257 812 1539 906 πύργοις
1566 815 1888 904 ἐφεστώς,
1916 813 2091 904 πλὴν
2120 823 2263 886 τῶν
2288 814 2361 886 τὰ

459 917 656 990 λοιπά
693 923 860 1012 μέρη
905 919 1429 1009 φρουρούντων,
1474 919 1802 1006 ἐπήκουεν
1844 916 2187 1008 ἡσυχάζων
2228 927 2361 988 τῶν

393 1036 431 1090 4
460 1025 856 1112 λεγομένων.
960 1019 998 1093 ὃ
1035 1022 1112 1092 δὲ
1148 1029 1515 1110 Κρισπῖνος
1551 1023 1879 1111 φοβηθεὶς
1917 1022 2005 1112 μή
2056 1047 2199 1104 πως
2252 1018 2361 1091 ἅτε

458 1121 652 1214 ὄχλος
679 1141 822 1206 ταῖς
845 1121 1283 1213 ὑποσχέσεσιν
1308 1122 1773 1213 ἀναπεισθείς,
1806 1125 2083 1216 εἰρήνην
2110 1151 2183 1194 τε
2210 1121 2355 1194 ἀντὶ

457 1230 752 1316 πολέμου
787 1229 1132 1317 ἑλόμενος,
1175 1225 1407 1320 ἀνοίξῃ
1453 1226 1567 1309 τὰς
1610 1227 1856 1316 πύλας,
1898 1230 2243 1318 περιθέων
2282 1226 2351 1297 τὸ
2380 1248 2399 1286 1·

456 1345 668 1418 τεῖχος
709 1334 918 1400 ἐδεῖτο
947 1333 1061 1401 καὶ
1102 1331 1397 1421 ἐλιπάρει
1440 1332 1669 1420 μένειν
1706 1358 1779 1400 τε
1818 1333 2211 1420 θαρραλέως
2248 1333 2351 1400 καὶ

457 1431 758 1521 ἀντέχειν
799 1442 1155 1523 γενναίως,
1197 1435 1369 1525 μηδὲ
1415 1433 1811 1523 προδιδόναι
1861 1433 1985 1524 τὴν
2017 1433 2186 1523 πρὸς
2236 1434 2349 1522 τὴν

458 1536 834 1626 σύγκλητον
869 1539 984 1607 καὶ
1014 1535 1353 1626 Ῥωμαίων
1396 1543 1610 1625 δῆμον
1648 1547 1903 1624 πίστιν,
1946 1543 2253 1627 σωτῆρας
2284 1537 2349 1606 δὲ

457 1642 571 1710 καὶ
613 1640 990 1730 προμάχους
1025 1638 1299 1720 Ἰταλίας
1324 1639 1537 1729 πάσης
1576 1637 2075 1730 ἀναγραφῆναι,
2118 1638 2209 1729 μὴ
2248 1667 2350 1710 πι-

457 1742 720 1814 στεύειν
767 1745 844 1814 δε
905 1740 1299 1831 ὑποσχέσεσι
1360 1743 1700 1831 τυράννου
1743 1743 2072 1833 ’ἐπιόρκου
2122 1771 2197 1812 τε
2248 1746 2349 1812 καὶ
2374 1767 2399 1808 1³

455 1844 864 1935 ἀπατεῶνος,
905 1848 1074 1935 μηδὲ
1103 1862 1407 1938 χρηστοῖς
1432 1847 1649 1936 λόγοις
1688 1849 2173 1928 δελεασθέντας
2210 1845 2349 1917 ὀλέ-

455 1960 608 2044 θρῳ
635 1949 952 2042 προύπτῳ
979 1956 1482 2042 παραδοθῆναι,
1514 1948 1671 2020 ἐνὸν
1698 1957 2045 2020 πιστεῦσαι
2064 1953 2347 2038 πολέμου

395 2080 432 2133 5
451 2050 814 2145 ’ἀμφιβόλῳ
859 2052 1055 2143 τύχῃ·
1097 2053 1581 2142 πολλάκιςγόιρ
1622 2054 1735 2122 καὶ
1772 2049 1987 2142 ὀλίγοι
2024 2052 2344 2122 πλειόνων

458 2157 918 2244 περιεγένοντο
931 2206 950 2243 ,
983 2158 1097 2226 καὶ
1135 2162 1493 2236 δοκοῦντες
1530 2152 2003 2246 ἀσθενέστεροι
2036 2165 2343 2226 καθεῖλον

455 2258 612 2338 τοὺς
637 2262 712 2328 ἐν
737 2255 1070 2347 ὑπολήψει
1095 2257 1407 2348 ἀνδρείας
1432 2265 1729 2384 μείξονος
1745 2282 1760 2296 ·
1799 2256 1957 2384 μηδ’
1998 2258 2339 2346 ἔκπληττε·
2364 2273 2389 2320 ²

457 2371 620 2429 σθαι
644 2368 738 2454 τῷ
765 2361 1011 2450 πλήθει
1037 2370 1158 2432 τοῦ
1185 2369 1490 2450 στρατοῦ.
1534 2357 1783 2450 “οίμὲν
1800 2360 1927 2451 γάρ
1944 2357 2119 2450 ὑπὲρ
2148 2358 2339 2432 αλλου
2384 2433 2386 2439 ,

455 2463 814 2552 μαχόμενοι
839 2465 954 2533 καὶ
979 2471 1096 2553 τῆς
1121 2461 1282 2552 παρ’
1319 2466 1519 2557 ἑτέρῳ
1557 2466 1869 2553 ἐσομένης
1906 2461 2384 2553 εὐδαιμονίας,

391 2644 395 2650 ,
457 2576 646 2656 εἰπερ
674 2567 964 2654 γένοιτο,
1004 2567 1463 2659 μετριάζουσιν
1500 2570 1576 2638 ἐν
1600 2595 1689 2661 τῳ
1727 2568 2061 2660 προθύμῳ
2082 2576 2311 2657 τῆςμα

453 2697 602 2796 χης,
631 2669 880 2749 εἰδότες
913 2699 1002 2751 ως
1039 2698 1172 2740 των
1207 2671 1333 2760 μὲν
1370 2669 1711 2740 κινδύνων
1746 2667 1939 2740 αὐτοὶ
1972 2661 2380 2759 μεθέξουσι,Ι
2376 2735 2378 2787 Ι

456 2772 538 2845 τά
563 2775 640 2844 δὲ
663 2774 936 2863 μέγιστα
964 2775 1078 2844 καὶ
1101 2791 1440 2864 κορυφαῖα
1476 2780 1592 2862 τῆς
1630 2781 1820 2862 νίκης
1848 2771 2045 2854 αλλος
2079 2793 2377 2875 καρπον-η

395 2899 430 2954 6
459 2899 672 2946 σεται·
722 2892 860 2957 τοῖς
911 2879 990 2947 δὲ
1041 2874 1212 2966 ὑπὲρ
1264 2885 1381 2966 τῆς
1430 2882 1747 2965 πατρίδος
1796 2879 2191 2966 μαχομένοις
2242 2879 2341 2946 καὶ

453 2977 635 3067 παρὰ
659 3007 796 3049 των
823 2987 1008 3050 θεων
1040 2983 1305 3060 ἐλπίδες
1330 2987 1705 3070 κρείττους,
1747 2978 1977 3067 ἐπειδὴ
2005 2977 2087 3048 ού
2118 2979 2201 3050 τὰ
2234 2977 2341 3049 αλ-

452 3089 590 3152 λων
616 3090 848 3170 λαβεῖν
875 3080 1044 3153 ἀλλὰ
1071 3082 1152 3152 τὰ
1193 3079 1421 3153 αὑτων
1449 3081 1681 3166 σώζειν
1708 3109 2033 3170 ευχονται.
2084 3083 2166 3153 τό
2192 3111 2265 3153 τε
2286 3087 2341 3162 ἐς

451 3181 570 3266 τὰς
592 3183 800 3272 μάχας
827 3186 1184 3274 πρόθυμον
1207 3183 1335 3256 οὐκ
1360 3189 1426 3268 ἐξ
1454 3183 1665 3255 ἄλλου
1694 3186 2059 3267 κελεύσεως
2100 3182 2254 3256 ἀλλ’
2282 3187 2335 3266 ἐξ
2365 3143 2368 3223 ¹

453 3292 700 3367 οἰκείας
739 3283 1031 3376 ἀνάγκης
1070 3295 1371 3376 ἔχουσιν,
1414 3291 1561 3358 ἐπεὶ
1604 3291 1717 3358 καὶ
1759 3297 1875 3378 τῆς
1910 3296 2103 3377 νίκης
2150 3296 2278 3370 πᾶς
2303 3239 2367 3399 6⁴

389 3407 426 3462 7
451 3386 702 3476 καρπὸς
735 3384 962 3470 αὐτοῖς
999 3386 1461 3481 περιγίνεται.”
1566 3393 1840 3462 τοιαῦτά
1874 3419 2024 3462 τινα
2060 3394 2279 3480 λέγων
2301 3385 2363 3808 ὁ]

452 3493 816 3574 Κρισπῖνος
855 3493 968 3560 καὶ
1009 3491 1174 3581 πρὸς
1211 3492 1529 3575 ἑκάστους
1564 3497 1677 3564 καὶ
1713 3501 1941 3586 κοινῇ,
1986 3494 2193 3582 φύσει
2224 3494 2331 3584 μὲν
