2475 3859
887 114 1194 173 ΤΡΙΤΟΝ
1896 115 1974 175 97

53 286 352 373 ἐσθῆτος
380 289 560 354 ἴσασι
585 292 842 374 χρῆσιν,
872 276 1041 353 ἀλλὰ
1065 283 1180 365 τὰς
1205 284 1331 373 μὲν
1356 283 1653 376 λαπάρας
1676 290 1791 357 καὶ
1817 280 1974 369 τους

53 386 436 476 τραχήλους
465 395 789 477 κοσμοῦσι
829 386 1116 481 σιδήρῳ,
1147 386 1579 477 καλλώπισμα
1621 397 1817 461 τοῦτο
1856 394 1970 466 καὶ

51 491 364 561 πλούτου
403 490 744 580 σύμβολον
779 498 1152 579 νομίζοντες
1191 486 1415 580 ὥσπερ
1466 484 1583 561 τὸν
1618 491 1869 583 χρυσὸν
1908 501 1976 563 οἰ

53 596 284 665 λοιποὶ
326 594 686 683 βάρβαροι,
728 592 810 664 τὰ
866 593 942 664 δὲ
987 592 1257 682 σώματα
1309 602 1636 679 στίζονται
1684 612 1971 686 γραφαῖς

0 730 14 770 ι
55 705 396 778 ποικίλαις
421 700 533 765 καὶ
569 695 759 791 ζῴων
793 700 1236 767 παντοδαπῶν
1280 697 1559 769 εἰκόσιν·
1604 695 1771 769 ὅθεν
1812 696 1963 770 οὐδ’

53 799 586 890 ἀμφιέννυνται,
615 806 727 871 ἵνα
751 797 841 889 μὴ
867 801 1156 869 σκέπωσι
1184 807 1307 869 τοῦ
1343 799 1638 891 σώματος
1661 801 1777 883 τὰς
1804 831 1968 892 γρα-

55 904 214 992 φάς.
272 906 400 974 εἰσὶ
425 904 500 974 δὲ
526 903 975 993 μαχιμώτατοί
996 930 1064 972 τε
1093 905 1204 972 καὶ
1231 904 1691 993 φονικώτατοι,
1722 904 1966 977 ἀσπίδα
1994 920 2029 973 8

54 1008 278 1096 μόνην
303 1005 544 1095 στενὴν
575 1008 1099 1097 προβεβλημένοι
1133 1008 1253 1081 ,καὶ
1284 1005 1486 1095 δόρυ,
1518 1010 1706 1097 ξίφος
1738 1009 1813 1079 δὲ
1838 1037 1969 1079 πα-

61 1113 465 1201 ρηρτημένοι
494 1119 758 1200 γυμνοῦ
791 1109 1108 1197 σώματος.
1161 1108 1473 1198 θώρακος
1500 1110 1577 1181 δὲ
1606 1106 1649 1199 ἢ
1676 1112 1966 1200 κράνους

0 1244 22 1284 υ
61 1212 194 1284 οὐκ
225 1225 404 1284 ἰσασι
426 1221 695 1303 χρῆσιν,
725 1212 1044 1301 ἐμπόδιον
1068 1220 1448 1303 νομίζοντες
1474 1212 1639 1302 πρὸς
1668 1212 1793 1303 τὴν
1818 1220 1966 1286 δίο-

59 1324 190 1387 δον
213 1324 348 1387 τῶν
376 1320 581 1404 ἑλῶν,
611 1320 676 1399 ἐξ
711 1308 809 1386 οἷν
834 1322 950 1405 τῆς
978 1312 1491 1405 ἀναθυμιάσεως
1515 1319 1629 1387 καὶ
1669 1318 1965 1407 παχύτη-

55 1448 170 1501 τος
187 1416 226 1491 ὃ
251 1417 394 1489 κατ’
429 1424 694 1508 έκείνην
719 1419 842 1507 τὴν
867 1418 1092 1506 χώραν
1117 1416 1245 1507 ἀὴρ
1263 1419 1567 1509 ζοφώδης
1590 1416 1697 1491 ἀεὶ
1723 1429 1964 1509 φαίνε-

55 1552 184 1592 ται.
218 1514 382 1608 πρὸς
407 1522 490 1610 δὴ
519 1529 726 1593 ταῦτα
753 1520 788 1592 ὁ
815 1530 1118 1611 Σευῆρος
1145 1522 1459 1611 ἐξήρτυεν
1478 1518 1601 1592 ὅσα
1621 1532 1961 1595 συνοίσειν

55 1634 290 1714 ἔμελλε
325 1634 416 1718 τῷ
459 1623 795 1715 Ῥωμαίων
833 1631 1089 1718 στρατῷ
1129 1624 1455 1713 λυπήσειν
1490 1626 1565 1695 δὲ
1606 1628 1719 1695 καὶ
1758 1629 1961 1716 ἐμπο-
2072 1677 2077 1686 -

0 1755 18 1795 5
55 1735 234 1799 διετν
258 1729 382 1817 τὴν
409 1736 545 1799 τῶν
572 1729 930 1820 βαρβάρων
955 1724 1186 1817 ὁρμήν.

261 1829 350 1914 ὡς
377 1833 453 1901 δὲ
489 1830 836 1923 αὐτάρκως
861 1828 1064 1919 ω’φθη
1091 1828 1273 1922 αὐτῷ
1312 1828 1393 1905 τὰ
1425 1828 1589 1917 πρὸς
1614 1828 1733 1899 τὸν
1758 1829 1957 1901 πόλε-
1979 1850 2012 1903 9

51 1964 184 2024 μον
223 1933 688 2026 εὐτρεπίσθαι,
729 1933 848 2005 τὸν
887 1933 1010 2023 μὲν
1059 1933 1389 2021 νεώτερον
1421 1940 1556 2002 τῶν
1594 1938 1798 2020 υἱῶν,
1840 1932 1959 2002 τὸν

49 2042 268 2109 Γέταν
301 2038 753 2126 καλούμενον,
788 2035 1171 2107 καταλιπων
1209 2039 1284 2105 ἐν
1310 2041 1401 2127 τῷ
1442 2026 1575 2105 ὑπὸ
1604 2031 1959 2123 Ῥωμαίους

53 2150 247 2212 ἔθνει
272 2141 629 2212 δικάσοντά
653 2169 724 2211 τε
751 2142 864 2211 καὶ
881 2137 963 2209 τὰ
987 2138 1295 2210 πολιτικὰ
1322 2144 1439 2227 τῆς
1466 2135 1671 2226 ἀρχῆς
1698 2138 1956 2228 διοική-

0 2274 19 2313 υ
55 2268 291 2331 σοντα,
321 2244 482 2327 δοὺς
523 2242 704 2336 αὐτῷ
759 2246 1126 2333 συνέδρους
1165 2249 1303 2312 τῶν
1342 2248 1565 2329 φίλων
1595 2240 1752 2322 τοὺς
1790 2268 1956 2332 πρε-

49 2350 452 2438 σβυτέρους,
493 2347 612 2418 τὸν
652 2347 728 2417 δὲ
771 2342 1168 2416 Ἀντωντνον
1203 2342 1613 2434 παραλαβών
1652 2346 1761 2414 ἐπὶ
1796 2338 1952 2427 τούς

49 2452 432 2541 βαρβάρους
481 2447 808 2539 ἠπείγετο.
925 2446 1343 2538 ὑπερβάντος
1384 2448 1461 2517 δὲ
1500 2454 1621 2516 τοῦ
1665 2456 1949 2538 στρατοῦ
1989 2474 2052 2523 10

47 2553 130 2625 τὰ
169 2556 676 2643 προβεβλημένα
719 2552 1012 2642 ρεύματά
1056 2578 1128 2621 τε
1178 2553 1291 2620 καὶ
1343 2551 1611 2639 χώματα
1648 2557 1762 2638 τῆς
1794 2547 1951 2619 Ῥω-

43 2664 269 2746 μαίων
323 2653 525 2747 ἀρχῆς
577 2657 904 2745 συμβολαὶ
953 2656 1066 2723 καὶ
1111 2651 1583 2742 ἀκροβολισμοὶ
1636 2654 1951 2733 πολλάκις

0 2796 16 2837 5
55 2765 357 2849 ἐγίνοντο
407 2766 653 2848 τροπαί
691 2786 762 2828 τε
813 2764 948 2828 τῶν
987 2756 1365 2846 βαρβάρων.
1446 2746 1611 2825 ἀλλὰ
1651 2770 1789 2835 τοῖς
1826 2755 1951 2843 μὲν

49 2868 250 2956 ῥᾳδία
275 2854 364 2952 ἦν
391 2858 432 2952 ἦ
461 2862 680 2951 φυγή,
709 2863 821 2931 καὶ
847 2860 1296 2930 διελάνθανον
1325 2866 1398 2927 ἔν
1423 2885 1495 2928 τε
1527 2864 1803 2945 δρυμοῖς
1836 2860 1949 2927 καὶ

49 2972 226 3037 ἕλεσι
251 2967 366 3036 καὶ
391 2973 470 3056 τῇ
497 2971 632 3035 των
658 2971 920 3054 χωρίων
945 2962 1208 3052 γνώσει,
1238 2956 1407 3050 ἅπερ
1432 2959 1647 3030 πάντα
1674 2955 1946 3048 Ῥωμαί-

49 3098 150 3151 οις
175 3066 338 3139 ὄντα
363 3072 630 3139 ἐναντία
657 3073 934 3139 πλείονα
953 3067 1236 3156 παρέσχε
1256 3070 1347 3157 τῷ
1366 3064 1631 3154 πολέμῳ
1646 3059 1769 3149 τὴν
1796 3070 1945 3133 δια-

49 3173 318 3261 τριβήν·
347 3170 466 3241 τὸν
495 3171 570 3241 δὲ
595 3178 902 3261 Σευῆρον
930 3166 1211 3259 γηραιὸν
1237 3164 1399 3237 ὄντα
1426 3163 1554 3255 ἤδη
1579 3163 1774 3247 νόσος
1801 3169 1948 3237 ἐπι·
1974 3178 2048 3237 15

0 3312 22 3352 ι)
49 3276 417 3366 μηκεστέρα
443 3275 961 3363 καταλαμβάνει,
991 3268 1158 3343 ὅθεν
1185 3267 1386 3352 αὐτὸς
1413 3269 1536 3359 μὲν
1555 3264 1953 3357 ἠναγκάζετο

51 3382 280 3467 μένειν
306 3387 512 3464 οἴκοι,
551 3369 669 3447 τὸν
709 3378 786 3447 δὲ
817 3374 1214 3447 Ἀντωνῐνον
1252 3377 1557 3467 ἐπειρᾶτο
1596 3373 1954 3461 ἐκπέμπειν

55 3481 476 3571 διοικήσοντα
503 3477 586 3549 τὰ
608 3479 1054 3568 στρατιωτικά.
1085 3475 1122 3549 ὁ
1149 3478 1225 3547 δὲ
1262 3475 1651 3557 Ἀντωνῖνος
1677 3483 1812 3545 τῶν
1838 3474 1960 3565 μὲν

241 3615 593 3659 ΗΕΒΟΒῙΑΝ.
887 3614 918 3641 0
1644 3613 1661 3651 Ι
