2475 3859
911 115 1211 173 TPITON
1267 72 1274 81 ⁸
1930 112 2010 174 87

65 284 195 367 τὸς
223 288 566 373 διέτριβεν
595 282 870 373 εἰρήνην
897 282 1114 373 ἄγων,
1159 286 1370 373 μηδέν
1410 312 1472 353 τι
1500 284 1865 375 προσήκειν
1892 312 2011 353 νο-

69 398 301 477 μίζων
329 392 542 479 ἕαυτῷ
571 386 685 468 τάς
703 386 870 476 πρὸς
881 386 1036 467 τούς
1068 378 1423 476 Ἀτρηνοῦς
1452 387 1753 477 Σεεήρου
1781 386 2005 477 μάχας·

76 490 423 581 ἡσύχαζεν
449 482 608 579 οὖν,
635 493 846 579 μηδέν
887 518 949 559 τι
977 488 1204 561 δεινὸν
1231 490 1773 581 προσδεχόμενος.
1856 486 1891 560 ὁ
1938 490 2011 561 δὲ
2046 508 2114 559 10

77 603 214 664 τοῦ
247 595 561 682 Σεεήρου
599 592 874 682 στρατὸς
901 590 1085 663 άκων
1112 596 1518 681 προσαχθεὶς
1544 590 1674 663 ὑπὸ
1705 600 1825 662 τοῦ
1854 594 2013 683 ῥεύ-

15 736 46 777 5
81 728 300 787 ματος
329 714 470 778 ταῖς
513 699 816 766 ἐπέκεινα
857 694 1123 784 ὄχθαις,
1168 695 1502 785 άπόβασίν
1543 725 1612 767 τε
1652 696 2015 786 ποιησάμε-

83 830 244 888 νος,
277 798 402 890 τήν
429 807 560 890 γῆν
599 798 964 889 ἐλεηλάτει,
1005 799 1355 888 θρέμματά
1392 826 1463 869 τε
1490 799 1570 870 τά
1611 804 2015 889 ἐμπίπτοντα

87 903 536 991 ἀπελαύνων,
565 899 656 972 ἵν’
697 910 810 993 ἔχῃ
838 902 1122 991 τροφάς,
1162 906 1275 971 καὶ
1300 902 1525 992 κώμας
1551 894 1877 992 ἐμπιπράς
1902 902 2015 987 τὰς

89 1006 569 1096 ἐμπιπτούσας.
650 1001 796 1075 κατ’
829 1001 1058 1093 ὀλίγον
1084 1034 1155 1075 τε
1183 1004 1438 1096 προϊών
1464 1008 1699 1095 ἐπέστη
1728 1014 1975 1095 Κτησι-
1988 1043 2022 1069 ι.
2048 1035 2117 1067 200

92 1117 354 1201 φῶντι,
385 1106 535 1179 ἔνθ’
568 1099 719 1197 ἦνοὸ
747 1110 948 1197 μέγας
977 1102 1289 1197 βασιλευς
1320 1105 1733 1199 Ἀρτάβανος.
1804 1132 2014 1199 προσ-
2046 1128 2107 1177 ll

9 1248 60 1289 ιο
98 1213 420 1294 πεσόντες
476 1212 550 1283 δὲ
603 1218 674 1281 οἱ
713 1208 1015 1301 Ῥωμαῖοι
1057 1208 1545 1303 ἀπαρασκεύοις
1580 1228 1716 1295 τοῖς
1756 1214 2014 1303 βαρβά-

95 1345 276 1407 ροις,
319 1316 536 1385 πάντα
574 1342 646 1385 τε
698 1314 814 1384 τὸν
857 1318 1261 1404 ἐμπίπτοντα
1298 1315 1631 1404 ἐφόνευον
1669 1318 1781 1386 καὶ
1824 1316 2015 1405 διήρ-

96 1441 324 1491 πασαν
351 1417 432 1488 τά
459 1422 534 1489 ἐν
559 1424 639 1509 τῇ
667 1413 880 1506 πόλει,
909 1418 1155 1499 πάντας
1181 1447 1253 1489 τε
1282 1425 1523 1500 παῖδας
1550 1421 1664 1488 καὶ
1690 1435 2015 1508 γυναῖκας

99 1522 556 1611 αἰχμαλώτους
585 1528 846 1610 ἔλαβον.
903 1520 1236 1609 φυγόντος
1265 1522 1339 1591 δὲ
1366 1529 1487 1591 τοῦ
1530 1524 1853 1611 βασιλέως
1884 1518 2015 1591 σὺν

99 1624 354 1715 ὀλίγοις
385 1630 656 1695 ἱππεῦσι
684 1624 841 1704 τούς
883 1650 952 1693 τε
991 1622 1383 1715 θησαυροὺς
1422 1622 1635 1695 αὐτοῦ
1678 1631 1813 1694 τῶν
1849 1652 2006 1714 χρηκ

19 1756 68 1795 15
103 1730 334 1818 μάτων
374 1738 668 1815 αἴρουσι,
713 1729 826 1797 καὶ
867 1726 1082 1797 πάντα
1120 1726 1238 1796 τὸν
1278 1727 1528 1817 κόσμον
1562 1728 1673 1797 καὶ
1710 1727 2015 1816 κειμήλια

105 1829 519 1922 ἁρπάσαντες
545 1834 912 1901 ἐπανίασιν.

312 1931 488 2004 οὕτω
516 1934 640 2023 μὲν
681 1931 762 2021 δὴ
805 1936 1139 2019 Σεεῆρος,
1181 1930 1345 2021 τύχῃ
1381 1937 1636 2020 μᾶλλον
1674 1926 1719 2019 ἢ
1758 1930 2009 2021 γνωμῃ,
2042 1948 2109 2000 12

106 2044 186 2128 τῇ
212 2036 379 2107 κατὰ
405 2043 828 2126 Παρθυαίων
844 2040 1000 2125 νίκῃ
1025 2031 1416 2129 κεκόσμητο·
1448 2034 1706 2103 τούτων
1733 2034 1808 2103 δὲ
1835 2030 2015 2126 αὐτῷ

109 2144 340 2225 δεξιῶς
379 2142 490 2209 καὶ
530 2136 700 2230 ὑπὲρ
741 2146 962 2207 πᾶσαν
1005 2134 1209 2225 εὐχὴν
1252 2136 1825 2230 προχωρησάντων
1864 2138 2018 2206 ἐπέ-

25 2275 80 2315 20
113 2251 326 2317 στειλε
355 2250 434 2333 τῇ
461 2270 531 2313 τε
559 2240 911 2333 συγκλήτῳ
952 2242 1066 2311 καὶ
1093 2246 1184 2332 τῷ
1225 2240 1448 2334 δήμῳ,
1492 2240 1605 2322 τάς
1644 2266 1715 2311 τε
1750 2238 2019 2331 πράξεις

111 2353 622 2437 μεγαληγορῶν,
651 2343 764 2427 τὰς
790 2342 998 2433 μάχας
1022 2370 1093 2413 τε
1134 2345 1247 2411 καὶ
1285 2342 1400 2426 τὰς
1437 2350 1626 2425 νίκας
1676 2350 2019 2432 δημοσίαις

114 2447 403 2538 ἀνέθηκε
443 2462 753 2538 γραφαῖς.
835 2442 877 2536 ἡ
925 2447 998 2517 δὲ
1050 2445 1418 2536 σύγκλητος
1472 2445 1685 2528 πάσας
1723 2474 1793 2517 τε
1832 2444 2020 2536 τιμὰς

113 2558 480 2641 ἐψηφίσατο
499 2548 702 2643 αὐτῷ,
722 2551 835 2619 καὶ
861 2556 1303 2641 προσηγορίας
1328 2546 1457 2620 άπὸ
1480 2556 1617 2620 τῶν
1642 2552 1867 2621 ἐθνῶν
1888 2556 2020 2619 τῶν

115 2656 632 2747 κεχειρωμένων.

35 2798 89 2839 25
319 2755 754 2844 κατορθώσας
782 2757 857 2826 δὲ
883 2753 963 2825 τὰ
980 2752 1148 2824 κατὰ
1166 2750 1289 2843 τὴν
1310 2749 1641 2842 ἀνατολὴν
1668 2749 1703 2821 ὁ
1732 2759 2021 2843 Σεεῆρος
2046 2767 2121 2827 10

121 2866 185 2943 ἐς
221 2859 341 2950 τὴν
379 2856 632 2949 Ῥώμην
681 2856 1024 2948 ἠπείγετο,
1054 2854 1237 2946 ἄγων
1282 2856 1395 2925 καὶ
1446 2855 1601 2936 τοὺς
1644 2861 1884 2937 παῖδας
1922 2858 2030 2935 ἐς..
2054 2885 2125 2920 ιω

122 2962 383 3054 ἡλικίαν
409 2964 684 3053 ἐφήβων
721 2958 850 3052 ’ἤδη
879 2968 1253 3041 τελοῦντας.
1310 2954 1559 3039 ἀνύσας
1586 2958 1661 3027 δὲ
1690 2956 1813 3046 τὴν
1838 2954 2023 3026 ὁδοι-

124 3075 398 3155 πορίαν,
450 3066 531 3137 τά
582 3093 652 3136 τε
705 3068 781 3136 ἐν
821 3081 954 3145 τοῖς
997 3071 1228 3135 ἔθνεσι
1272 3060 1609 3149 διοικήσας
1648 3056 1737 3143 ὥς
1772 3060 2025 3151 ἑκάστῳ

126 3168 352 3267 ᾇπῄτει
372 3168 446 3239 τὸ
473 3176 809 3259 χρειῶδες,
829 3168 910 3237 τά
932 3195 1003 3237 τε
1031 3170 1105 3237 ἐν
1123 3176 1393 3245 Μυσοῖς
1419 3165 1532 3233 καὶ
1557 3170 1799 3233 Παίοσι
1824 3184 2028 3252 στρα-

49 3303 99 3345 ³⁰
130 3274 368 3345 τόπεδα
396 3270 726 3360 ἐπελθών,
743 3271 1108 3359 νικηφόρος
1135 3266 1268 3341 ὑπὸ
1304 3274 1422 3337 τοῦ
1450 3264 1786 3356 Ῥωμαίων
1812 3265 2028 3354 δήμου

128 3375 282 3466 μετὰ
318 3376 606 3466 μεγάλης
648 3373 980 3463 εὐφημίας
1017 3400 1087 3443 τε
1127 3374 1241 3443 καὶ
1266 3377 1629 3461 θρησκείας
1667 3366 2027 3457 ὑπεδέχθη,

128 3486 365 3561 θυσίας
389 3508 460 3551 τε
488 3482 600 3549 καὶ
628 3476 855 3568 ἑορτὰς
881 3479 1046 3558 θέας
1070 3504 1141 3547 τε
1159 3476 1273 3545 καὶ
1292 3472 1699 3566 πανηγύρεις
1726 3480 1815 3567 τῷ
1844 3472 2029 3564 δήμω
2056 3493 2090 3545 2
