2475 3859
866 185 1310 246 TETAPTON
1914 187 1941 246 1
1955 184 2033 247 23

113 385 275 449 ριον
298 353 634 437 κάκείνοις
661 350 1000 445 ὀλέθριον.
1061 351 1205 444 μετ’
1248 353 1509 445 ἀγαθῆς
1537 345 1665 425 οὖν
1689 364 1807 447 τῆς
1844 360 2033 429 ἐλπί-

112 468 240 542 δος
281 457 688 550 ἀγωνίζεσθε
729 454 818 540 ὥς
857 455 1195 547 Ῥωμαίοις
1242 462 1479 549 πρέπει
1540 462 1653 529 καὶ
1704 460 2027 549 σύνηθες·
2092 456 2107 463 “

113 562 300 635 οὕτω
340 562 467 653 γὰρ
507 562 666 643 τούς
701 589 772 631 τε
815 562 1197 651 βαρβάρους
1248 558 1603 633 ἀπώσεσθε
1654 559 1878 652 ὑμεῖς,
1920 558 2093 638 καϊδ

116 665 320 755 δόξης
347 669 534 747 κλέος
559 662 879 756 ἀράμενοι
904 668 1072 754 μέγα
1094 662 1434 753 Ῥωμαίοις
1460 692 1531 735 τε
1558 669 1670 736 καὶ
1690 674 1894 736 πᾶσιν
1913 665 2036 737 ἀν-

59 802 90 842 5
121 770 430 859 θρώποις
457 772 706 852 δείξετε
723 820 742 856 ,
770 768 893 856 τήν
919 795 988 837 τε
1015 770 1349 857 προτέραν
1374 776 1572 857 νίκην
1599 769 2034 857 πιστώσεσθε,

119 869 215 953 ὦς
238 871 325 961 μὴ
355 871 529 964 δόλῳ
558 873 668 940 καὶ
696 868 910 961 ἀπάτῃ
947 871 1619 962 παρασπονδήσαντες
1656 869 2034 963 ἠδικήσατε,

117 972 294 1045 ἀλλὰ
319 971 413 1045 δι’
446 972 673 1044 ὅπλων
701 974 1091 1062 νικήσαντες
1117 971 1571 1063 ἐκρατήσατε.”

327 1077 602 1147 τοιαῦτά
629 1106 780 1146 τινα
811 1077 1110 1157 εἰπόντος
1137 1073 1379 1165 αὐτοῦ,
1408 1082 1478 1147 οἱ
1498 1082 1889 1166 στρατιῶται
1916 1076 2039 1165 τὴν

120 1178 424 1270 ἀνάγκην
463 1188 586 1250 τοῦ
626 1180 1004 1269 πράγματος
1044 1176 1331 1267 ὁρῶντες
1382 1180 1861 1270 παρετάττοντο
1908 1178 2037 1249 κάν

33 1318 86 1358 ιο
124 1298 268 1365 τοῖς
293 1280 524 1365 ὅπλοις
551 1274 740 1373 ἦσαν.
827 1280 960 1372 ἅμα
987 1282 1062 1353 δὲ
1090 1280 1259 1376 ἡλίῳ
1282 1279 1619 1371 ἀνίσχοντι
1649 1282 1863 1373 ἐφάνη
1882 1280 2035 1374 Ἀρ-
2064 1287 2137 1347 15

121 1387 413 1475 τάβανος
444 1385 576 1455 σὺν
607 1392 893 1479 μεγίστῳ
930 1386 1177 1473 πλήθει
1207 1393 1514 1476 στρατοῦ.
1586 1383 2041 1475 ἀσπασάμενοι

127 1489 209 1559 δὲ
235 1487 353 1559 τὸν
379 1486 609 1577 ἥλιον,
640 1485 730 1570 ὦς
765 1497 924 1569 ἔθος
961 1486 1223 1576 αὐτοῖς,
1266 1494 1339 1558 oc
1373 1489 1735 1580 βάρβαροι,
1766 1496 2041 1580 μεγίστῃ

125 1620 202 1662 τε
245 1598 499 1683 κλαγγῇ
545 1592 937 1681 βοήσαντες,
972 1593 1347 1679 ἐπέδραμον
1392 1607 1529 1673 τοϊς
1553 1588 1894 1681 Ῥωμαίοις
1930 1619 2043 1662 το·-

125 1695 434 1779 ξεύοντές
459 1722 530 1763 τε
555 1697 666 1765 καὶ
695 1693 1246 1775 καθιππεύοντες.
1312 1700 1382 1764 οἱ
1404 1693 1479 1765 δὲ
1510 1691 1814 1783 Ῥωμαῖοι
1845 1691 2043 1765 εὐτά-

39 1830 90 1871 15
127 1826 300 1879 κτως
327 1826 400 1867 τε
414 1800 526 1867 καὶ
545 1796 858 1887 ἀσφαλῶς
885 1796 1329 1885 συστήσαντες
1354 1796 1468 1877 τὰς
1494 1798 1859 1886 φάλαγγας,
1889 1800 2046 1867 ἑκα-

125 1904 428 1990 τέρωθέν
453 1928 526 1971 τε
553 1899 710 1983 τούς
741 1906 960 1981 ἱππεῖς
985 1901 1097 1970 καὶ
1122 1898 1281 1981 τοὺς
1309 1906 1795 1990 Μαυρουσίους
1830 1926 2047 1989 παρα-

127 2005 474 2091 τάξαντες,
516 2003 598 2074 τά
633 2032 704 2073 τε
743 2002 906 2073 κενὰ
946 2002 1413 2091 πληρώσαντες
1446 2009 1583 2071 τῶν
1622 2001 1897 2091 κούφως
1932 2005 2046 2073 καὶ

131 2105 471 2187 εὐσταλῶς
497 2109 830 2196 ἐκτρέχειν
856 2108 1275 2196 δυναμένων,
1304 2105 1650 2194 δεξάμενοι
1679 2104 1837 2186 τοὺς
1875 2113 2045 2195 βαρ-

130 2210 386 2301 βάρους
416 2210 754 2299 έμάχοντο.
859 2212 974 2279 καὶ
1015 2215 1084 2280 οἰ
1117 2208 1243 2297 μὲν
1294 2209 1623 2301 βάρβαροι
1660 2216 1753 2303 τῷ
1794 2210 2041 2298 πλήθει
2071 2224 2106 2275 2

41 2344 99 2385 σο
135 2320 276 2383 τών
319 2313 530 2396 τόξων
575 2328 710 2395 τοῖς
749 2339 822 2383 τε
859 2312 1204 2402 ἐπιμήκεσι
1252 2312 1490 2403 δόρασι
1526 2319 1662 2382 τῶν
1702 2310 2049 2403 καταφρά-

131 2444 314 2486 κτων
341 2414 472 2486 ἀπό
499 2444 570 2485 τε
594 2421 819 2486 ἵππων
835 2418 950 2486 καὶ
969 2416 1287 2505 καμήλων
1304 2414 1775 2506 τιτρώσκοντες
1801 2412 2049 2495 αὐτούς

131 2518 438 2609 μεγάλως
471 2516 748 2588 ἄνωθεν
789 2526 1145 2607 ἔβλαπτον·
1187 2524 1258 2589 oc
1298 2520 1373 2589 δὲ
1427 2528 1712 2607 Ρωμαῖοι
1752 2526 1889 2589 τῶν
1926 2519 2049 2607 μὲν

131 2620 472 2693 συσταδὸν
497 2624 888 2711 μαχομένων
933 2624 1180 2712 ῥᾳδίως
1219 2622 1579 2711 ἐκράτουν,
1622 2623 1766 2691 ἐπεὶ
1806 2621 1883 2690 δὲ
1923 2617 2052 2690 αὐ-

131 2723 295 2807 τοὺς
321 2721 366 2814 ἥ
395 2752 467 2794 τε
494 2730 692 2807 ἵππος
717 2722 929 2813 πολλὴ
949 2714 1118 2793 οὖσα
1144 2725 1257 2793 καὶ
1284 2723 1358 2794 τὸ
1386 2731 1523 2793 τῶν
1548 2724 1865 2812 καμήλων
1882 2729 2052 2811 πλῆ-

47 2868 101 2907 25
137 2838 266 2909 θος
296 2832 706 2916 ἐλυμαίνετο,
727 2825 1287 2917 προσποιούμενοι
1313 2824 1683 2915 ἀναχωρεῖν
1700 2825 2053 2915 τριβόλους

135 2959 210 3001 τε
237 2934 350 3001 καὶ
383 2927 548 3002 ἄλλα
579 2929 730 2999 τινὰ
756 2930 1164 3019 τεχνάσματα
1208 2928 1543 3019 σιδήρων,
1592 2925 1908 3011 ὀξυτάτας
1946 2931 2053 3011 ἐξ-

137 3032 300 3122 οχὰς
350 3040 812 3123 περικείμενα,
856 3037 1234 3122 ἐρρίπτουν.
1326 3029 1931 3122 παραλανθάνοντα
1979 3030 2055 3099 δὲ

137 3140 216 3207 ἐν
245 3152 388 3218 ταῖς
413 3136 703 3225 ψάμμοις
731 3138 842 3205 καὶ
873 3133 956 3204 οὐ
983 3133 1429 3224 καθορώμενα
1456 3130 1589 3203 ὑπὸ
1618 3139 1755 3202 τῶν
1796 3136 2053 3203 ίππέων

137 3236 183 3328 ἢ
211 3246 350 3310 τῶν
377 3246 758 3328 καμηλιτῶν
785 3236 1064 3328 ὀλέθρια
1105 3229 1190 3326 ἦν
1217 3234 1474 3317 αὐτοῖς·
1529 3243 1895 3317 πατοῦντες
1925 3234 2051 3325 γὰρ
2082 3259 2121 3313 3

53 3379 110 3420 30
147 3348 221 3413 οἱ
253 3346 474 3430 ἵπποι,
515 3346 593 3412 αἵ
623 3370 695 3411 τε
731 3341 1015 3430 κάμηλοι
1054 3341 1365 3430 μάλιστα,
1408 3346 1679 3428 ἔχουσαι
1719 3336 1939 3409 ἁπαλὰ
1974 3336 2056 3407 τὰ

144 3448 476 3534 πέλματα,
523 3442 818 3529 ὅκλαζον
861 3447 976 3514 καὶ
1020 3443 1387 3533 έχώλευον,
1430 3442 1586 3524 τούς
1630 3470 1702 3512 τε
1746 3440 2058 3532 ἐπιβάτας

143 3544 268 3629 οὓς
297 3555 546 3639 ἔφερον
584 3544 990 3617 ἀπεσείοντο.
1057 3552 1125 3617 οί
1159 3546 1236 3617 δὲ
1276 3548 1583 3619 ἐπέκεινα
1625 3545 1953 3639 βάρβαροι
1992 3547 2062 3625 ἐς
