2475 3859
908 148 1258 210 ΠΡΩΤΟΝ
1959 148 2041 211 29

107 323 634 415 μονομαχήσειν.
691 320 1190 411 διαδραμούσης
1217 320 1293 390 δὲ
1316 325 1434 411 τῆς
1458 319 1680 410 φήμης
1706 324 2041 392 συνέθεον

109 435 191 497 ἔκ
219 456 298 497 τε
324 432 442 517 τῆς
466 424 742 505 Ἰταλίας
769 423 982 514 πάσης
1007 427 1120 495 καὶ
1146 428 1285 493 τῶν
1310 418 1575 515 ὁμόρων
1594 428 1842 510 ἐθνῶν,
1870 436 2037 496 θεα-

107 532 396 621 σόμενοι
423 526 466 599 ἃ
499 526 588 620 μὴ
617 528 945 619 πρότερον
969 527 1134 619 μήτε
1161 526 1543 618 ἑωράκεσαν
1568 525 1731 619 μήτε
1758 523 2037 620 ἠκηκόε-

107 656 270 704 σαν.
352 636 464 703 καὶ
503 630 632 722 γὰρ
677 634 1106 721 διηγγέλλετο
1147 628 1361 701 αὐτοῦ
1398 637 1516 721 τῆς
1552 630 1771 721 χειρὸς
1807 631 1882 702 τὸ
1925 632 2037 705 εὔ-

57 764 76 805 ⁵
110 760 384 825 στοχον,
411 739 525 807 καὶ
551 732 652 805 ὅτι
681 742 916 825 ἔμελεν
941 732 1125 829 αὐτῷ
1151 732 1559 819 ἀκοντίζοντι
1576 738 1689 806 καὶ
1704 734 2041 819 τοξεύοντι

108 839 207 931 μὴ
239 848 526 910 πταίειν.
632 844 936 928 συνῆσαν
963 838 1038 909 δὲ
1066 838 1499 920 παιδεύοντες
1526 836 1734 909 αὐτὸν
1751 849 2037 931 Παρθυ-
2068 858 2105 910 2

113 952 297 1014 αίων
363 948 434 1012 οἱ
485 940 756 1032 τοξικὴν
805 939 1243 1032 ἀκριβοῦντες
1294 944 1409 1011 καὶ
1463 951 1931 1034 Μαυρουσίων
1982 951 2051 1015 οἱ

111 1045 495 1130 ἀκοντίζειν
521 1044 803 1137 ἄριστοι,
822 1042 940 1126 οὓς
966 1047 1216 1127 πάντας
1246 1041 1542 1139 εὐχειρία
1566 1040 2043 1138 ὑπερέβαλλεν.

115 1152 271 1221 ἐπεὶ
300 1150 376 1219 δὲ
403 1152 772 1239 κατέλαβον
799 1154 876 1219 αἰ
907 1155 1024 1237 τῆς
1047 1151 1214 1229 θέας
1240 1146 1512 1241 ἡμέραι,
1554 1147 1631 1219 τὸ
1672 1150 1797 1238 μὲν
1836 1148 2041 1241 ἀμφι-

57 1278 80 1321 w
117 1256 424 1344 θέατρον
451 1253 878 1344 πεπλήρωτο,
905 1257 1000 1345 τῶ
1027 1253 1104 1323 δὲ
1129 1253 1467 1349 Κομμόδφ
1496 1259 1895 1348 περίδρομος
1920 1256 2043 1325 κύ-

119 1366 268 1450 κλῳ
293 1357 811 1442 κατεσκεύαστο,
855 1352 944 1445 ῶς
969 1354 1059 1447 μὴ
1087 1356 1429 1445 συστάδην
1454 1374 1591 1437 τοῖς
1625 1366 1893 1447 θηρίοις
1918 1388 2043 1446 μα-

119 1461 406 1550 χόμενος
433 1459 846 1545 κινδυνεύοι,
863 1457 1140 1531 ἄνωθεν
1168 1460 1245 1529 δὲ
1272 1462 1385 1530 καὶ
1406 1464 1472 1543 ἐξ
1490 1458 1832 1550 ἀσφαλοῦς
1844 1460 2043 1531 ἀκον-

120 1571 328 1648 τίζων
357 1560 698 1653 εὐστοχίας
722 1568 976 1654 μᾶλλον
1012 1558 1055 1652 ἢ
1095 1562 1411 1654 ἀνδρείας
1437 1566 1785 1655 παρέχοιτο
1816 1569 2043 1648 δεῖξιν.

125 1667 426 1755 ἐλάφους
477 1667 602 1756 μὲν
643 1658 772 1737 οὖν
807 1669 922 1736 καὶ
966 1667 1330 1755 δορκάδας,
1376 1664 1501 1736 ὅσα
1543 1696 1617 1737 τε
1662 1669 2047 1758 κερασφόρα
2077 1693 2113 1745 3

59 1795 92 1835 5
127 1768 312 1859 πλὴν
336 1770 624 1861 ταύρων,
654 1774 971 1840 συνθέων
995 1768 1222 1851 αὐτοῖς
1248 1772 1363 1841 καὶ
1388 1770 1825 1841 καταδιῶκων
1852 1778 2047 1860 ἔβαλ-

126 1885 242 1960 λε,
277 1874 572 1962 φθάνων
599 1902 670 1943 τε
707 1870 935 1943 αὐτῶν
971 1871 1091 1943 τὸν
1131 1873 1383 1965 δρόμον
1422 1874 1535 1943 καὶ
1580 1883 1863 1962 πληγαῖς
1900 1902 2048 1943 και-

127 1986 310 2068 ρίαις
337 1974 667 2067 ἀναιρῶν·
709 1980 980 2059 λέοντας
1007 1976 1221 2047 δὲκαὶ
1250 1976 1644 2067 παρδάλεις,
1674 1973 1797 2047 ὅσα
1821 2004 1895 2045 τε
1920 1982 2051 2069 ζῶα

127 2098 449 2169 γενναῖα,
495 2082 838 2171 περιθέων
875 2076 1151 2151 ἄνωθεν
1187 2078 1675 2171 κατηκόντιζεν.
1756 2076 1924 2149 οὐδέ
1954 2106 2053 2159 τις

132 2184 320 2255 εἶδεν
346 2182 660 2254 ἀκόντιον
687 2183 1006 2273 δεύτερον
1032 2180 1193 2253 οὐδὲ
1228 2189 1491 2276 τραῦμα
1530 2180 1693 2253 ἄλλο
1720 2181 1897 2273 πλὴν
1930 2188 2053 2252 τοῦ
2150 2194 2154 2201 ’

61 2314 102 2355 ιο
133 2285 626 2377 θανατηφόρου
643 2309 658 2323 ·
727 2283 864 2376 ἅμα
901 2283 1030 2377 γὰρ
1071 2293 1156 2376 τῇ
1189 2294 1313 2357 τοῦ
1350 2286 1523 2382 ζῴου
1563 2283 1733 2377 ὁρμῇ
1772 2287 1941 2357 κατά
1974 2314 2051 2374 γε
2080 2301 2116 2355 4

130 2386 514 2481 μετῶπουῆ
541 2387 709 2459 κατὰ
734 2395 1014 2479 καρδίας
1041 2396 1242 2479 ἔφερε
1266 2388 1391 2481 τὴν
1416 2390 1697 2481 πληγήν,
1718 2393 1831 2459 καὶ
1858 2387 2051 2460 οὐδέ-

132 2521 298 2564 ποτε
340 2492 594 2563 σκοπὸν
630 2491 836 2563 ἄλλον
877 2500 1070 2581 ἔσχεν
1107 2491 1268 2564 οὐδὲ
1306 2490 1415 2564 ἐπ’
1460 2491 1623 2563 ἄλλο
1649 2496 1846 2583 μέρος
1883 2484 2056 2583 ἦλθε

131 2596 208 2667 τὸ
249 2594 566 2667 ἀκόντιον
603 2602 726 2665 τοῦ
763 2595 1093 2685 σώματος,
1138 2593 1226 2679 ῶς
1264 2596 1355 2687 μὴ
1398 2593 1532 2686 ἅμα
1558 2624 1631 2665 τε
1656 2602 1905 2687 τρῶσαι
1944 2599 2071 2666 καὶ·

134 2707 486 2789 φονεῦσαι.
565 2698 646 2769 τὰ
687 2700 764 2770 δὲ
803 2698 1232 2789 πανταχόθεν
1282 2707 1414 2793 ζῶα
1461 2697 1811 2791 ἠθροίζετο
1852 2697 2054 2793 αὐτῷ.

63 2834 108 2877 25
137 2804 289 2874 τότε
315 2810 486 2891 γοῦν
515 2809 786 2893 εἴδομεν
811 2801 934 2873 ὅσα
963 2807 1038 2873 ἐν
1065 2820 1356 2894 γραφαῖς
1383 2803 1877 2893 ἐθαυμάζομεν·
1926 2800 2057 2872 ἀπό
2088 2825 2120 2876 5

137 2935 210 2977 τε
249 2905 379 2997 γὰρ
412 2905 644 2977 Ἰνδῶν
683 2908 798 2976 καὶ
823 2905 1216 2993 Αἰθιόπων,
1262 2918 1333 2977 εῖ
1360 2936 1425 2977 τι
1467 2906 1795 2998 πρότερον
1834 2904 2051 2993 ἀγνω-

137 3033 302 3080 στον
340 3002 463 3099 ἦν,
505 3018 918 3100 μεσημβρίας
959 3038 1034 3080 τε
1074 3013 1186 3080 καὶ
1237 3016 1354 3100 τῆς
1405 3007 1706 3105 ἀρκτῴας
1757 3013 1877 3097 γῆς
1928 3013 2059 3103 ζῶα

140 3114 362 3184 πάντα
389 3113 705 3202 φονεύων
741 3110 1080 3203 Ῥωμαίοις
1107 3116 1339 3197 ἔδειξε.
1390 3111 1465 3185 τὸ
1493 3110 1561 3183 δ’
1608 3110 1922 3197 εὔστοχον
1946 3117 2063 3200 τῆς

143 3214 362 3307 χειρὸς
401 3214 612 3287 αὐτοῦ
651 3216 896 3298 πάντες
935 3217 1424 3307 ἐξεπλήττοντο.
1496 3214 1725 3305 λαβὼν
1752 3204 1877 3286 οὖν
1904 3216 2063 3285 ποτε

71 3354 116 3395 ao
148 3325 312 3411 βέλη
341 3310 442 3389 ῶν
469 3328 544 3391 αἰ
579 3317 784 3409 ἀκμαὶ
809 3312 983 3409 ἦσαν
1007 3327 1405 3410 μηνοειδεῖς,
1424 3336 1567 3400 ταῖς
1591 3326 2065 3407 Μαυρουσίαις

145 3434 508 3516 στρουθοῖς
548 3422 830 3508 ὀξύτατα
875 3427 1275 3515 φερομέναις
1312 3425 1425 3493 καὶ
1464 3428 1697 3494 ποδῶν
1733 3421 1917 3511 τάχει
1952 3423 2067 3491 καὶ

147 3528 478 3599 κολπῶσει
534 3533 799 3619 πτερῶν
840 3530 1146 3617 ἐπαφιεὶς
1190 3526 1273 3597 τὰ
1308 3530 1470 3617 βέλη
1508 3524 1650 3597 κατ’
1700 3523 1912 3618 ἄκρου
1945 3531 2069 3596 τοῦ
