2475 3859
463 115 501 176 6
1221 112 1582 173 ΠΡΩΤΟΝ
1592 166 1598 170 .

461 285 686 377 μνήμη
713 291 850 355 τῶν
878 288 954 354 ἐν
980 284 1244 376 νεότητι
1272 248 1623 375 βασιλείαν
1650 284 2201 377 παραλαβόντων,
2220 291 2399 354 τοῦ-

461 415 537 460 το
573 390 696 480 μὲν
743 396 1116 459 Διονυσίου
1153 396 1274 458 τοῦ
1313 390 1730 460 Σικελιώτου
1756 388 2118 479 τυράννου,
2148 385 2224 469 ὃς
2253 387 2401 458 ἀπὸ

463 499 579 583 τῆς
606 491 778 581 ἄγαν
805 490 1126 583 ἀκρασίας
1150 491 1387 573 καινὰς
1430 490 1678 583 ἡδονὰς
1721 495 1832 563 ἐπὶ
1879 500 2213 581 μεγίστοις
2272 521 2395 581 μι-

466 608 662 678 σθοῖς
708 599 1031 685 ἐθηρᾶτο,
1091 602 1289 666 τοῦτο
1336 597 1412 665 δὲ
1456 602 1532 666 αί
1569 603 1707 666 τῶν
1746 594 2187 687 Ἀλεξάνδρου
2228 602 2396 665 δια

467 700 688 788 δόχων
723 701 791 779 ἐς
827 725 985 779 τους
1025 694 1365 789 ὑπηκόους
1401 698 1634 792 υβρεις
1666 727 1736 769 τε
1775 702 1888 769 καὶ
1927 707 2105 788 βίαι,
2142 696 2235 768 δι’
2281 689 2389 767 ὦν
2433 726 2459 763 5

404 822 440 876 3
465 801 588 892 τὴν
615 795 941 871 ἐκείνου’
905 801 1116 893 αρχὴν
1154 802 1615 893 κατήσχυναν,
1658 812 2069 891 Πτολεμαῖος
2110 802 2236 891 μὲν
2274 803 2398 870 καὶ

434 908 691 1030 μέχρις
742 901 1038 995 ἀδελφῆς
1085 912 1261 987 ἰδίας
1309 913 1552 997 ἔρωτος
1603 906 2037 1033 προχωρήσας
2079 904 2263 997 παρά
2318 932 2396 974 τε
2474 906 2475 941 ἶ

465 1006 622 1089 τοὺς
646 1007 1075 1079 Μακεδόνων
1102 1012 1216 1079 καὶ
1235 1006 1573 1101 Ἑλλήνων
1604 1009 1850 1099 νόμους
1865 1062 1883 1095 ,
1905 1006 2285 1097 Ἀντίγονος
2315 1009 2395 1078 δὲ

467 1112 812 1182 Διόνυσον
836 1110 1054 1182 πάντα
1082 1112 1488 1203 μιμούμενος
1505 1166 1523 1199 ,
1564 1116 1676 1182 καὶ
1702 1111 1936 1182 κισσὸν
1962 1112 2085 1202 μὲν
2124 1138 2389 1202 περιτι-

468 1218 619 1296 θεὶς
643 1220 724 1304 τῇ
762 1221 1024 1305 κεφαλῇ
1063 1214 1211 1286 ἀντὶ
1240 1225 1522 1297 καυσίας
1558 1219 1671 1286 καὶ
1698 1216 2103 1305 διαδήματος
2142 1223 2385 1285 Μακε-
2430 1234 2466 1275 1⁰

407 1337 442 1391 4
471 1323 767 1405 δονικοῦ,
810 1318 1075 1408 θύρσον
1117 1320 1194 1389 δὲ
1234 1317 1385 1390 ἀντὶ
1432 1319 1775 1411 σκήπτρου
1817 1322 2067 1411 φέρων.
2175 1324 2272 1387 ἔτι
2313 1318 2394 1387 δὲ

468 1423 582 1491 καὶ
619 1427 875 1511 μᾶλλον
900 1419 1110 1492 αὐτὸν
1135 1423 1369 1492 ἐλύπει
1390 1422 1471 1494 τὰ
1488 1421 1577 1512 μὴ
1605 1421 1735 1513 πρὸ
1763 1427 2017 1492 πολλοῦ
2047 1418 2183 1491 ἀλλ’
2214 1417 2389 1490 ὑπό-

468 1552 639 1613 γυον
667 1530 901 1612 ἔχοντα
931 1523 1056 1615 τὴν
1085 1525 1387 1616 μνήμην,
1415 1527 1495 1596 τά
1528 1553 1601 1595 τε
1629 1529 1901 1618 Νέρωνι
1929 1527 2391 1616 πεπραγμένα,

468 1625 540 1709 ὃς
569 1626 859 1719 ἐχώρησε
885 1631 1075 1720 μέχρι
1100 1629 1413 1725 μητρῴου
1440 1629 1660 1719 φόνου
1686 1632 1965 1721 παρεῖχέ
2003 1656 2075 1698 τε
2100 1643 2236 1707 τοῖς
2264 1628 2387 1716 δή·

468 1759 616 1821 μοις
657 1729 898 1802 ἑαυτὸν
942 1735 1436 1820 καταγέλαστον
1462 1735 1685 1822 θέαμα
1701 1785 1720 1818 ,
1759 1733 1842 1802 τά
1877 1760 1950 1802 τε
1990 1737 2388 1824 Δομετιανῷ
2424 1758 2459 1798 15

471 1837 938 1925 τετολμημένα,
966 1841 1082 1925 τῆς
1108 1836 1380 1927 ἐσχάτης
1408 1833 1738 1926 ὠμότητος
1762 1835 1966 1906 οὐδὲν
1984 1833 2387 1905 ἀπολείπον-

409 1956 442 2009 5
471 1966 572 2008 τα.
673 1938 983 2019 τοιαύτας
1011 1937 1094 2029 δὴ
1121 1946 1524 2030 τυραννίδος
1553 1939 1813 2020 εἰκόνας
1837 1935 2391 2025 ὑποτυπούμενος

469 2045 715 2112 ἐδεδίει
739 2069 812 2111 τε
842 2045 955 2111 καὶ
990 2041 1284 2131 ἤλπιζεν.
1328 2041 1411 2113 οὐ
1449 2051 1731 2133 μετρίως
1760 2040 1822 2113 δ’
1855 2040 2065 2112 αὐτὸν
2112 2040 2385 2131 ἐτάρατ-

468 2172 588 2214 τον
627 2145 743 2213 καὶ
777 2150 848 2215 οἱ
878 2148 1214 2236 Γερμανοὶ
1248 2153 1701 2233 γειτνιῶντες,
1742 2142 1861 2226 οὓς
1902 2143 2170 2215 οὐδέπω
2212 2142 2385 2214 πάν-

469 2274 587 2328 τας
611 2249 1034 2338 ἐκεχείρωτο,
1065 2245 1234 2318 ἀλλὰ
1273 2246 1430 2330 τούς
1467 2250 1594 2339 μὲν
1631 2260 1862 2319 πειθοῖ
1899 2252 1968 2329 ἐς
2002 2254 2383 2338 συμμαχίαν
2420 2275 2458 2315 2⁰

471 2348 963 2440 προσηγάγετο,
1010 2356 1148 2421 των
1185 2352 1410 2430 δὲκαὶ
1447 2352 1778 2444 κρατήσας
1818 2344 1906 2441 ἦν
1948 2368 2087 2433 τοῖς
2126 2348 2350 2430 ὅπλοις
2370 2373 2386 2386 ·

471 2445 644 2543 ἦσαν
672 2454 753 2523 δέ
771 2481 951 2535 τινες
977 2461 1056 2523 οἳ.
1083 2455 1477 2545 διαδράντες
1503 2453 1669 2548 πρὸς
1694 2454 1769 2526 τὸ
1803 2453 2021 2546 παρὸν
2048 2452 2384 2542 ἀνακεχω-

475 2555 766 2648 ρήκεσαν
792 2560 931 2627 δέει
947 2563 1062 2646 τῆς
1089 2568 1460 2648 παρουσίας
1486 2559 1795 2630 τοιούτου
1812 2562 2155 2649 βασιλέως.
2199 2554 2385 2627 ὑπω-

474 2686 724 2731 πτευεν
753 2652 880 2731 οὖν
917 2658 1007 2750 μὴ
1051 2666 1165 2751 τῆς
1199 2656 1462 2751 ἡλικίας
1503 2669 1625 2734 τοῦ
1665 2670 2016 2754 μειρακίου
2050 2687 2382 2751 καταφρο-

473 2763 798 2856 νήσαντες
823 2767 1196 2834 ἐπιθωνται
1215 2760 1433 2860 αὐτω·
1478 2770 1597 2859 ἐρᾷ
1621 2764 1750 2859 γὰρ
1790 2764 1865 2837 τὸ
1906 2764 2247 2856 βάρβαρον
2270 2765 2385 2833 καὶ
2416 2797 2455 2839 ‘25

418 2878 458 2938 4
479 2871 588 2938 ἐπὶ
611 2882 756 2948 ταῖς
781 2866 1136 2957 τυχούσαις
1169 2864 1503 2960 ἀφορμαῖς
1547 2875 1759 2963 ῥᾷστα
1796 2880 2160 2940 κινεῖσθαι.
2258 2894 2380 2936 κυ-

479 2976 853 3061 μαίνουσαν
879 2962 1008 3041 οὖν
1043 2976 1215 3059 ἔχων
1242 2973 1594 3055 τοσαύταις
1631 2982 1942 3065 φροντίσι
1980 2971 2104 3061 τὴν
2144 2970 2380 3061 ψυχήν,

479 3076 894 3162 συγκαλέσας
919 3102 1073 3155 τους
1099 3074 1405 3163 φίλους“
1366 3098 1510 3147 οσοι
1535 3104 1609 3146 τε
1635 3083 1945 3168 παρῆσαν
1983 3102 2122 3145 των
2145 3094 2376 3161 συγγε-

479 3204 642 3264 νων,
671 3179 785 3246 καὶ
809 3175 930 3247 τὸν
970 3183 1178 3248 παῖδα
1220 3180 1841 3270 παραστησάμενος,
1877 3175 2109 3284 ἐπειδὴ
2148 3176 2379 3259 πάντες

480 3285 850 3369 συνῆλθον,
866 3276 1078 3371 ησυχῇ
1098 3287 1218 3352 τοῦ
1244 3289 1610 3373 σκίμποδος
1626 3290 1956 3372 κουφίσας
1983 3279 2219 3352 εαυτόν
2241 3308 2370 3349 τοι·
2413 3312 2453 3354 ³⁰

482 3380 700 3453 ούτων
728 3382 949 3469 λόγων
977 3381 1238 3475 ηρξατο.

426 3492 461 3544 2
493 3517 498 3521 ·
674 3479 1053 3572 “αχθεσθαι
1085 3484 1276 3576 ‘bhv‘
1235 3492 1412 3578 υμᾶς
1437 3484 1545 3575 ἐφ’
1578 3481 1677 3567 οἷς
1703 3483 1903 3577 ὁρᾶτέ
1939 3514 2020 3577 με
2049 3491 2368 3574 διακείμε-
2465 3477 2466 3493 ³
