2475 3859
479 159 596 223 124
1217 165 1323 223 ΤΕ
1332 164 1656 226 ΤΑΡΤΟΝ

474 332 636 404 ὅσον
661 322 802 424 ’μὲν
847 337 1243 423 ἐποχοῦνται
1296 340 1521 417 ἵπποις
1568 330 1613 425 ἦ
1656 335 2001 425 καμήλοις,
2052 342 2379 424 γενναίως

473 438 810 527 μάχονται,
839 433 926 527 ἦν
953 438 1028 507 δὲ
1055 434 1399 527 ἀποβῶσιν
1430 438 1654 509 αὐτῶν
1682 434 1725 527 ἦ
1752 446 2217 527 κατενεχθῶσι,
2250 443 2377 529 ῥᾷ-

471 561 594 611 στα
621 537 1034 629 ἁλίσκονται,
1076 540 1165 630 μὴ
1205 544 1524 631 φέροντες
1560 540 1682 631 τὴν
1722 545 1795 612 ἐκ
1834 542 2207 622 συστάσεως
2245 543 2369 631 μά-

471 672 614 732 χην.
673 643 838 733 πρός
877 670 948 713 τε
987 640 1060 713 τὸ
1107 660 1354 733 φυγεῖν
1395 640 1439 733 ἦ
1474 650 1739 733 διῶξαι,
1782 652 1847 715 εἰ
1884 648 2043 733 δέοι,
2088 642 2217 715 ὑπὸ
2260 651 2375 732 τῆς

472 749 627 835 περὶ
649 762 784 827 τοῖς
801 749 1108 817 σκέλεσιν
1131 750 1413 837 ἐσθῆτος
1429 749 1693 837 χαύνως
1710 751 2229 839 παρῃωρημένης
2253 751 2369 836 ἐμ-
2408 770 2433 810 5

368 848 384 868 ’
477 854 874 933 ποδίζονται.

411 979 448 1033 4
675 952 938 1042 πρώτης
963 952 1088 1041 μὲν
1110 944 1241 1024 οὖν
1278 953 1391 1024 καὶ
1432 956 1749 1043 δευτέρας
1784 948 2030 1043 ἡμέρας
2069 954 2133 1035 ἐξ
2173 953 2379 1021 ἑωθι-

469 1060 598 1125 νοῦ
627 1057 693 1137 ἐς
725 1057 1010 1145 ἑσπέραν
1037 1060 1468 1146 ἐμαχέσαντο,
1514 1059 1625 1127 καὶ
1662 1054 1789 1137 vhe
1826 1060 2201 1125 ἐπελθοῦσα
2236 1058 2380 1125 διέ-

385 1235 394 1247 ,
473 1166 640 1227 λυσε
681 1156 798 1239 τὰς
832 1160 1073 1247 μάχας,
1121 1160 1433 1247 ἑκάτεροί
1461 1186 1531 1229 τε
1570 1164 1957 1248 ἐπανῆλθον
1994 1161 2062 1239 ἐς
2100 1156 2178 1227 τὰ
2219 1160 2380 1228 ἑαυ-

471 1268 607 1330 τῶν
633 1262 1046 1352 στρατόπεδα
1071 1270 1270 1332 νικᾶν
1296 1260 1651 1345 ἀξιοῦντες.
1717 1269 1797 1353 τῇ
1840 1262 1917 1331 δὲ
1949 1270 2135 1352 τρίτῃ
2162 1256 2377 1353 ἡμέρᾳ
2412 1280 2454 1319 1⁰

473 1371 822 1451 συνῆλθον
847 1368 913 1447 ἐς
942 1362 1016 1435 τὸ
1059 1362 1222 1435 αὐτὸ
1268 1370 1507 1435 πεδίον
1538 1366 1977 1455 μαχούμενοι,
2019 1368 2381 1453 ἐπειρῶντο

387 1491 397 1505 Χ
473 1466 550 1535 δὲ
579 1472 648 1536 οἱ
671 1467 794 1555 μὲν
821 1468 1182 1560 βάρβαροι,
1204 1469 1379 1539 πολύ
1405 1495 1467 1537 τι
1495 1476 1589 1561 τῷ
1614 1468 1861 1557 πλήθει
1888 1466 2143 1537 τούτων
2168 1464 2382 1555 ὑπερ-

473 1570 765 1658 έχοντες,
795 1570 1273 1642 κυκλώσασθαι
1316 1569 1473 1651 τοὺς
1499 1568 1856 1661 Ῥωμαίους
1894 1573 2006 1641 καὶ
2047 1577 2383 1660 σαγηνεῦ-

471 1692 614 1743 σαι·
645 1680 716 1743 οἱ
737 1673 812 1743 δὲ
830 1670 1128 1763 Ῥωμαῖοι
1147 1671 1373 1746 οὐκέτι
1400 1673 1515 1756 τάς
1531 1676 1872 1764 φάλαγγας
1892 1678 1957 1755 ἐς
1974 1674 2186 1763 βάθος
2214 1699 2383 1743 συν-

473 1783 785 1865 ίστασαν,
828 1780 894 1857 ἐς
943 1785 1148 1867 μῆκος
1190 1774 1259 1847 δ’
1314 1784 1717 1859 ἐκτείνοντες
1758 1775 1861 1847 ἀεὶ
1892 1775 1963 1847 τὸ
2002 1776 2383 1865 κυκλούμε-
2416 1798 2455 1837 15

413 1894 447 1947 5
475 1907 596 1949 νον
623 1879 1022 1964 ἐνεπόδιζον.
1127 1888 1387 1970 πλῆθος
1420 1881 1497 1950 δὲ
1522 1889 1845 1952 τοσοῦτον
1872 1876 2142 1970 ἀνδρῶν
2170 1908 2243 1950 τε
2270 1882 2387 1949 καὶ

469 1990 735 2071 κτηνῶν
759 1981 1106 2109 ἐφονεύθη
1135 1980 1224 2065 ῶς
1260 1992 1397 2054 πᾶν
1424 1991 1867 2075 πληρωθῆναι
1895 1981 1967 2053 τὸ
2000 1988 2235 2053 πεδίον
2262 2011 2386 2072 μεὴ

471 2091 740 2174 γίστους
771 2113 842 2155 τε
883 2085 1142 2192 σωροὺς
1183 2087 1554 2176 πτωμάτων
1592 2090 1657 2169 ἐς
1696 2084 1867 2171 ὕψος
1906 2083 2231 2175 ἀρθῆναι,
2274 2089 2387 2155 καὶ

469 2187 751 2274 μάλιστα
777 2194 914 2257 τῶν
949 2182 1281 2280 καμήλων
1318 2190 1709 2281 ἐπαλλήλων
1749 2198 2155 2261 πιπτουσῶν.
2216 2189 2386 2277 πρός

469 2317 541 2359 τε
568 2318 693 2359 ουν
721 2289 794 2360 τὸ
817 2296 1188 2381 διατρέχειν
1213 2296 1669 2377 ἐνεποδίζοντο
1696 2299 1767 2363 οί
1795 2292 2185 2381 μαχόμενοι·
2214 2289 2457 2361 οὐκ-ευ

470 2394 565 2462 έτι
605 2392 682 2461 δὲ
721 2390 884 2463 ουδὲ
919 2396 1291 2493 καθεῶρων
1319 2391 1664 2485 ἀλλήλους,
1699 2398 1989 2486 μεγάλου
2018 2397 2226 2465 οἱονεὶ
2252 2395 2386 2483 χω’-

468 2523 670 2583 ματος
699 2498 773 2565 ἐν
797 2498 974 2591 μέσῳ
1014 2502 1128 2568 καὶ
1170 2498 1511 2587 δυσβάτου
1550 2496 1682 2570 υπό
1730 2507 1867 2570 τῶν
1906 2498 2231 2589 σωμάτων
2272 2520 2388 2568 σε-

469 2602 934 2690 σωρευμένου,
969 2597 1098 2691 ὑφ’
1141 2592 1226 2671 οὗ
1252 2602 1665 2692 κωλυόμενοι
1690 2619 1825 2685 τοῖς
1866 2598 2089 2683 ἀλλοις
2128 2604 2387 2673 ἐπιέναι

469 2703 732 2771 ἕκαστοι
758 2706 1144 2794 ἐπανῆλθον
1171 2709 1236 2787 ἐς
1262 2703 1343 2775 τὰ
1369 2708 1625 2777 ἑαυτῶν
1644 2704 2075 2795 στρατόπεδα.

405 2818 439 2871 6
679 2802 716 2875 ὁ
743 2808 820 2877 δὲ
846 2817 1196 2897 Μακρῖνος
1222 2810 1450 2891 συνεὶς
1477 2806 1577 2879 ὅτι
1598 2806 1721 2879 οὐκ
1750 2805 1965 2888 άλλως
1985 2807 2387 2898 Ἀρτάβανος
2414 2837 2459 2877 25

469 2907 784 2996 ἐκθύμως
808 2937 880 2981 τε
920 2910 1192 3000 μάχεται
1238 2915 1353 2983 καὶ
1395 2916 1753 3003 προσμένει
1794 2907 1945 2981 ἀλλ’
1990 2906 2037 2997 ἦ
2080 2910 2383 2998 οἰόμενος

459 3006 836 3105 Ἀντωνίνφ
875 3016 1237 3103 μάχεσθαι,
1290 3016 1630 3085 εἰωθότων
1683 3012 1788 3085 ἀεὶ
1838 3019 1974 3083 τῶν
2017 3012 2383 3102 βαρβάρων

469 3117 676 3205 ῥᾷστα
703 3112 1113 3204 ἀποκάμνειν
1157 3121 1590 3188 ἐθελοκακεῖν
1630 3145 1733 3205 τε,
1780 3124 1845 3187 εἰ
1882 3116 1974 3205 μή
2018 3144 2081 3185 τι
2123 3119 2199 3185 ἐν
2240 3132 2383 3197 ταῖς

409 3243 442 3297 7
475 3216 765 3308 πρώταις
795 3214 1028 3307 ὁρμαῖς
1071 3220 1615 3310 κατορθώσουσι,
1660 3220 1803 3289 τότε
1844 3219 1921 3289 δὲ
1965 3218 2382 3309 προσμενόν-

469 3346 606 3389 των
654 3316 744 3399 ῶς
793 3316 878 3388 ἂν
919 3321 1043 3409 τὴν
1081 3321 1299 3409 μάχην
1346 3318 1833 3391 ἀνανεώσαιντο
1874 3318 2037 3409 μετὰ
2078 3318 2200 3408 τὴν
2236 3326 2378 3389 τῶν
2407 3354 2459 3395 3⁰

469 3429 731 3507 νεκρῶν
771 3417 1118 3512 ἀναίρεσίν
1145 3449 1216 3490 τε
1256 3423 1371 3490 καὶ
1408 3424 1841 3512 κατάφλεξιν,
1885 3419 2011 3492 οὐκ
2053 3424 2382 3510 οἰομένων

472 3524 870 3610 τεθνηκέναι
903 3521 1021 3591 τὸν
1047 3529 1162 3611 τῆς
1189 3528 1434 3613 ἔχθρας
1460 3534 1707 3614 αἴτιον,
1751 3528 1991 3613 πέμπει
2019 3532 2382 3615 πρεσβείαν
