2475 3859
358 98 476 162 130
1090 100 1532 163 ΠΕΜΠΤΟΝ

356 270 554 345 λαινά
580 299 653 343 τε
678 268 722 363 ἡ
749 272 958 362 χροιά.
987 278 1251 361 διιπετῆ
1280 300 1350 343 τε
1376 269 1591 344 αὐτὸν
1618 272 1791 343 εἶναι
1816 279 2279 363 σεμνολογοῦ-

357 398 499 465 σιν,
530 377 752 465 ἐξοχάς
777 378 852 446 τέ
889 404 1076 457 τινας
1118 384 1435 467 βραχείας
1474 379 1588 447 καὶ
1630 376 1883 459 τύπους
1908 374 2271 449 δεικνύου-

249 476 256 485 ’
357 504 498 569 σιν,
529 480 756 549 εἰκόνα
781 507 852 549 τε
891 475 1086 569 ἡλίου
1113 475 1522 570 ἀνέργαστον
1550 480 1722 551 εἶναι
1758 483 2114 570 θέλουσιν,
2144 478 2273 552 οῦ-

295 592 330 646 6
359 611 452 653 τω
475 585 848 672 βλέποντες.
891 582 1118 675 τούτῳ
1145 582 1232 672 δὴ
1270 590 1363 675 τῷ
1400 590 1545 677 θεῷ
1590 580 1625 654 ὁ
1658 582 2029 665 Βασσιανός
2070 590 2269 676 ἱερω-

353 688 551 776 μένος
591 682 736 771 (ἅτε
788 682 916 810 γὰρ
957 652 1392 780 πρέσβυτέρω
1444 689 1683 781 ἐκείνω
1735 691 2175 777 ἐγκεχείριστο
2218 685 2265 775 ἦ
2290 714 2321 752 5

351 793 710 880 θρησκεία)
739 788 972 887 προῄει
1001 816 1072 858 τε
1097 789 1375 878 σχήματι
1403 791 1755 884 βαρβάρῳ,
1796 798 2075 878 χιτῶνας
2098 817 2269 879 χρυ-

354 899 636 980 σοῦφεῖς
653 894 764 963 καὶ
793 889 1146 983 ἁλουργεῖς
1169 892 1603 1017 χειριδωτοὺς
1628 895 1742 964 καὶ
1768 890 2143 982 ποδηρεις’
2106 921 2267 965 ανε-

239 1029 246 1048 ·
351 996 712 1084 ζωσμένος,
747 994 831 1064 τά
856 1023 928 1065 τε
957 998 1160 1085 σκέλη
1199 995 1414 1065 πάντα
1448 999 1717 1067 σκέπων
1750 993 1864 1066 ἀπ’
1910 992 2177 1085 ὀνύχων
2200 1000 2267 1078 ἐς

352 1096 609 1188 μηροὺς
647 1084 930 1187 ἐσθῆσιν
965 1095 1210 1188 ὁμοίως
1246 1106 1473 1193 χρυσῶ
1511 1101 1625 1169 καὶ.
1668 1098 1989 1229 πορφύρα
2028 1125 2265 1169 πεποι-

353 1202 724 1291 κιλμέναις·
758 1201 880 1290 τήν
911 1228 982 1271 τε
1019 1199 1327 1292 κεφαλὴν
1366 1202 1643 1292 ἐκόσμει
1672 1204 1999 1291 στέφανος
2042 1210 2263 1272 λίθων
2300 1224 2345 1265 10

291 1322 324 1378 7
361 1311 756 1375 πολυτελῶν
779 1312 974 1397 χροιᾷ
1001 1307 1497 1394 διηνθισμένος.
1600 1297 1689 1395 ἦν
1728 1306 1803 1375 δὲ
1838 1304 1961 1394 τὴν
1998 1300 2266 1394 ἡλικίαν

356 1405 634 1496 ἀκμαῖος
661 1409 773 1477 καὶ
801 1405 924 1497 τὴν
950 1404 1116 1491 ὄψιν
1141 1415 1279 1478 τῶν
1298 1405 1443 1479 κατ’
1476 1405 1687 1479 αὐτὸν
1706 1405 2105 1499 ὥραιότατος
2122 1436 2267 1497 μει-

353 1516 610 1602 ρακίων
655 1510 945 1581 πάντων.
999 1514 1067 1592 ἐς
1107 1508 1182 1582 τὸ
1227 1508 1394 1582 αὐτὸ
1434 1510 1519 1600 δὴ
1564 1513 1938 1582 συνιόντων
1981 1511 2267 1592 κάλλους

353 1614 686 1702 σώματος,
715 1611 978 1703 ἡλικίας
1004 1610 1249 1704 ἀκμῆς,
1280 1612 1494 1706 ἁβροῦ
1510 1614 1876 1704 σχήματος,
1906 1611 2265 1685 ἀπείκασεν
2406 1708 2408 1711 ⁴

356 1714 442 1787 ἄν
470 1746 567 1800 τις
600 1714 674 1787 τὸ
701 1718 1052 1807 μειράκιον
1083 1718 1434 1789 Διονύσου
1461 1727 1695 1801 καλαῖς
1722 1718 1991 1795 εἰκόσιν.
2296 1746 2341 1786 ιι

291 1840 327 1893 8
559 1825 1044 1911 ἱερουργοῦντα
1090 1820 1174 1911 δὴ
1217 1828 1489 1909 τοῦτον,
1534 1828 1697 1911 περί
1730 1849 1801 1891 τε
1838 1836 1976 1902 τοῖς
2021 1827 2265 1910 βωμοῖς

351 1920 723 2015 χορεύοντα
747 1925 934 2017 νόμῳ
961 1923 1324 2015 βαρβάρων
1350 1921 1487 1994 ὑπό
1510 1952 1581 1993 τε
1608 1922 1838 2006 αῦλοῑς
1864 1925 1977 1993 καὶ
2004 1924 2265 2013 σύριγξι

354 2032 803 2098 παντοδαπῶν
829 2055 900 2097 τε
931 2023 1242 2117 ὀργάνων
1258 2024 1397 2119 ἤχῳ
1413 2078 1431 2114 ,
1462 2027 1975 2118 περιεργότερον
1992 2028 2265 2115 ἐπέβλε-

353 2156 485 2199 πον
513 2135 586 2199 οἵ
609 2158 681 2200 τε
709 2128 902 2200 ἄλλοι
929 2127 1281 2221 ἅνθρωποι
1309 2131 1421 2199 καὶ
1448 2128 1729 2219 μάλιστα
1758 2136 1829 2200 οἱ
1848 2136 2265 2220 στρατιῶται,

356 2228 606 2313 εἰδότες
646 2235 886 2321 γένους
923 2228 1084 2303 ὄντα
1123 2239 1507 2321 βασιλικοῦ,
1535 2236 1649 2303 καὶ
1690 2242 1804 2323 τῆς
1842 2229 2019 2323 ὥρας
2052 2229 2263 2303 αὐτοῦ
2294 2251 2342 2291 2⁰
2408 2292 2411 2307 .

290 2354 324 2407 9
358 2334 628 2404 πάντων
651 2332 766 2417 τάς
793 2332 981 2419 ὄψεις
1011 2339 1079 2417 ἐς
1119 2332 1367 2424 ἑαυτὴν
1392 2336 1937 2427 ἐπιστρεφούσης.
1982 2339 2269 2425 ἐγειτνί-

355 2446 466 2522 αζε
493 2438 570 2507 δὲ
596 2444 676 2529 τῇ
704 2437 894 2508 πόλει
923 2441 1146 2529 ἐκείνῃ
1179 2438 1329 2509 τότε
1368 2441 1681 2529 μέγιστον
1714 2438 2189 2530 στρατόπεδον,
2230 2435 2268 2509 ὃ

353 2548 469 2629 τῆς
501 2548 820 2630 Φοινίκης
849 2540 1280 2632 προήσπιζεν·
1323 2538 1607 2633 ὕστερον
1639 2544 1716 2613 δὲ
1739 2546 2151 2634 μετηνέχθη,
2178 2538 2273 2623 ὥς

356 2647 431 2713 ἐν
467 2659 605 2725 τοῖς
643 2646 790 2734 ἑξῆς
826 2646 1129 2734 ἐροῦμεν.
1187 2651 1551 2734 φοιτῶντες
1590 2638 1717 2717 οὖν
1754 2652 1826 2717 οἱ
1868 2652 2269 2735 στρατιῶται

356 2747 664 2818 ἑκάστοτε
702 2751 770 2831 ἐς
813 2746 938 2836 τὴν
981 2747 1210 2839 πόλιν,
1254 2756 1321 2831 ἔς
1364 2776 1435 2819 τε
1480 2747 1599 2819 τὸν
1622 2748 1801 2820 νεῶν
1844 2750 2059 2831 ἰόντες
2087 2760 2267 2840 θρη-
2298 2782 2343 2826 25

357 2858 582 2934 σκείας
622 2849 706 2939 δὴ
743 2850 974 2941 χάριν,
1015 2849 1089 2922 τὸ
1116 2852 1467 2943 μειράκιον
1491 2849 1703 2941 ἡδέως
1736 2860 2037 2941 ἔβλεπον.
2092 2844 2269 2941 ἦσαν

357 2956 438 3023 δέ
465 2982 642 3037 τινες
668 2957 732 3037 ἐξ
761 2952 988 3025 αὐτῶν
1011 2958 1126 3025 καὶ
1151 2957 1539 3046 πρόσφυγες
1560 2962 1802 3026 οἰκεῖοί
1834 2984 1907 3025 τε
1930 2962 2046 3045 τῆς
2076 2964 2271 3027 Μαί-

259 3079 326 3131 10
355 3078 508 3146 σης,
553 3055 720 3148 πρὸς
755 3054 874 3140 οὓς
915 3062 1138 3148 ἐκείνη
1186 3059 1651 3148 θαυμάζοντας
1696 3057 1816 3129 τὸν
1852 3064 2092 3146 παῖδα,
2135 3069 2270 3129 εἴτε

355 3164 739 3252 πλασαμένη
771 3172 901 3232 εἴτε
927 3164 1041 3232 καὶ
1067 3157 1521 3249 ἀληθεύουσα,
1550 3166 1808 3245 ἐξεῖπεν
1836 3158 1937 3233 ὅτι
1964 3158 2094 3251 ἄρα
2114 3157 2267 3231 ’Λν-

355 3272 643 3335 τωνίνου
678 3266 824 3346 υἱός
863 3268 1002 3337 ἐστι
1029 3264 1267 3354 φύσει,
1311 3272 1392 3354 τῇ
1424 3263 1499 3333 δὲ
1537 3261 1869 3355 ὑπολήψει
1910 3260 2117 3335 ἄλλου
2144 3270 2265 3333 δο-
2296 3294 2345 3335 ³⁰

358 3372 538 3453 κοίη·
569 3369 988 3455 έπιφοιτῆσαι
1019 3365 1146 3456 γὰρ
1173 3364 1385 3436 αὐτὸν
1422 3381 1565 3449 ταῖς
1598 3366 2019 3458 θυγατράσιν
2058 3362 2267 3454 αὐτῆς

357 3466 537 3546 νέαις
563 3494 635 3535 τε
662 3464 892 3548 οὔσαις
919 3472 1030 3537 καὶ
1057 3466 1367 3559 ὦραίαις,
1408 3468 1570 3541 καθ’
1616 3467 1697 3541 ὃν
1738 3468 1977 3562 καιρὸν
2015 3472 2089 3540 ἐν
2128 3483 2268 3551 τοῖς

2406 1435 2408 1447 V

2406 1455 2408 1470 Ι
