2475 3859
387 110 420 169 ·1
437 108 473 168 8
1174 105 1535 166 ΠΡΩΤΟΝ

396 283 792 369 στρατιῶταί
828 306 1004 359 τινες
1032 276 1357 358 λαθόντες
1383 274 1503 345 τὸν
1527 282 1649 346 τοῦ
1676 284 2053 367 Περεννίου
2082 283 2315 363 παῖδα,

394 384 508 453 καὶ
559 390 928 472 νομίσματα
980 380 1298 469 ἐκόμισαν
1335 368 1845 469 ἐκτετυπωμένα
1881 378 2007 470 τὴν
2042 384 2319 450 ἐκείνου

397 486 626 557 εἰκόνα
643 508 657 522 ·
703 484 1029 564 λαθόντες
1057 484 1132 553 δὲ
1159 491 1375 553 καίτοι
1404 490 1696 574 ἔπαρχον
1722 481 1884 553 ὄντα
1908 482 2028 554 τὸν
2052 488 2314 575 Περέν-

394 599 584 675 νιον,
609 592 722 658 καὶ
763 590 1096 669 δείξαντες
1133 592 1225 681 τῷ
1261 588 1597 681 Κομμόδφ
1634 585 1715 655 τά
1756 595 2161 677 νομίσματα,
2206 594 2315 656 δι-

398 694 713 775 δάξαντές
739 719 810 759 τε
837 696 952 779 τῆς
979 694 1338 779 ἐπιβουλῆς
1362 688 1444 759 τά
1471 690 1930 777 λανθάνοντα,
1960 688 2149 761 αὐτοὶ
2190 691 2320 780 μὲν
2354 717 2381 756 5

332 819 368 873 8
399 804 636 884 ἔτυχον
672 794 980 883 μεγάλων
1023 799 1334 884 δωρεῶν,
1390 792 1795 882 ἀγνοοῦντος
1836 794 1912 863 δὲ
1947 799 2155 863 ταῦτα
2195 801 2323 863 τοῦ

394 905 775 989 Περεννίου
826 900 1036 986 μηδέν
1071 925 1146 966 τε
1191 903 1499 967 τοιοῦτον
1554 899 2123 987 προσδεχομένου,
2188 898 2318 967 νύ-

398 1030 576 1093 κτωρ
603 996 638 1070 ὁ
663 1001 1016 1090 Κόμμοδος
1039 1003 1301 1090 πέμψας
1326 998 1681 1090 ἀποτέμνει
1694 999 1819 1089 τῆν
1834 999 2138 1089 κεφαλήν
2155 1023 2168 1037 ·
2204 1004 2325 1070 καὶ

398 1103 521 1195 τὴν
564 1111 876 1193 ταχίστην
895 1156 912 1190 ,
961 1102 1140 1184 ὅπως
1177 1100 1301 1192 τῆν
1354 1109 1491 1173 τῶν
1538 1107 2009 1195 πραττομένων
2060 1110 2321 1192 γνῶσιν

399 1208 792 1300 φθάσωσιν,
823 1210 1138 1296 ἐκπέμπει
1168 1203 1325 1287 τούς
1350 1210 1885 1297 πορευσομένους
1912 1206 2133 1297 φήμης
2158 1204 2316 1291 ὀξυ-
2358 1236 2401 1275 1⁰

397 1315 567 1405 τέρῳ
597 1311 820 1405 δρόμῳ
850 1313 1202 1399 ἐπιστῆναί
1230 1338 1302 1379 τε
1335 1313 1833 1399 δυνησομένους
1859 1316 1951 1403 τῷ
1982 1314 2170 1381 παιδὶ
2196 1317 2323 1379 τοῦ

399 1421 780 1505 Περεννίου
805 1412 886 1483 τὰ
925 1415 1035 1483 ἐπὶ
1061 1418 1176 1503 τῆς
1201 1410 1447 1503 Ῥώμης
1474 1412 1857 1501 ἀγνοοῦντι,
1873 1413 2219 1503 γράμματά
2245 1442 2321 1483 τε

402 1516 638 1608 φιλικά
666 1516 944 1605 ποιήσας
971 1518 1083 1585 καὶ
1110 1525 1359 1605 μείζοσι
1389 1516 1605 1605 φήσας
1632 1526 1866 1587 καλεῖν
1902 1521 2164 1588 ἐλπίσιν
2190 1515 2316 1586 αύ-

341 1637 375 1691 9
406 1621 525 1692 τὸν
549 1618 743 1709 ῆκειν
775 1620 1058 1689 κελεύει.
1163 1616 1200 1689 ὃ
1240 1620 1316 1690 δὲ
1341 1618 1505 1708 μήτε
1530 1646 1593 1689 τι
1620 1626 1735 1709 τῆς
1762 1627 2184 1709 παρασκευῆς
2211 1648 2319 1691 πω

399 1728 513 1795 καὶ
539 1730 676 1795 τῶν
703 1724 1261 1813 βεβουλευμένων
1285 1723 1449 1813 μήτε
1475 1751 1538 1792 τι
1564 1729 1702 1793 τῶν
1728 1721 1895 1793 κατὰ
1922 1722 2040 1794 τὸν
2066 1727 2325 1815 πατέρα
2356 1758 2399 1798 15

404 1827 631 1915 εἰδώς,
657 1834 794 1897 τῶν
820 1855 892 1896 τε
933 1825 1236 1915 ἀγγέλων
1266 1826 1594 1897 εἰπόντων
1631 1833 1841 1895 ταῦτα
1880 1829 1992 1896 καὶ
2028 1826 2147 1897 τὸν
2187 1852 2321 1896 πα-

400 1937 558 2023 τέρα
587 1930 978 2001 ἐντετάλθαι
1017 1931 1299 2020 ῥήμασι,
1336 1930 1548 2020 μηδὲν
1576 1930 1651 1999 δὲ
1680 1933 2151 2000 ἐπεσταλκέναι
2182 1946 2325 2010 τοῖς

403 2042 766 2124 βασιλείοις
802 2032 1222 2124 ἀρκούμενον
1274 2034 1647 2123 γράμμασι,
1691 2034 2049 2114 πιστεύσας
2086 2030 2123 2103 ὁ
2157 2061 2319 2103 νεα-

405 2146 574 2223 νίας,
597 2135 946 2226 ἀσχάλλων
975 2138 1100 2226 μὲν
1125 2138 1238 2205 καὶ
1266 2142 1632 2225 δυσφορῶν
1658 2134 1756 2205 ὅτι
1788 2134 1869 2225 δὴ
1900 2135 2097 2226 ἀτελῆ
2124 2140 2319 2205 κατέ-

405 2251 557 2311 λιπε
578 2238 658 2309 τά
679 2241 1201 2329 βεβουλευμένα,
1225 2236 1401 2328 ὅμως
1429 2238 1506 2309 δὲ
1524 2246 1805 2329 θαρρῶν
1830 2246 1911 2329 τῇ
1938 2246 2057 2309 τοῦ
2074 2237 2323 2329 πατρὸς
2352 2264 2397 2307 2⁰
2444 2236 2446 2287 i

310 2368 379 2419 10
409 2342 496 2425 ὥς
525 2351 621 2413 ἔτι
649 2343 1034 2433 συνεστώσῃ
1065 2343 1350 2431 δυνάμει
1370 2396 1387 2430 ,
1418 2358 1704 2411 ποιεῖται
1731 2340 1856 2431 τῆν
1885 2347 2135 2425 ἔξοδον.
2201 2371 2316 2430 γε-
2444 2338 2446 2411 ἰ

405 2448 693 2536 νόμενον
721 2448 798 2516 δὲ
825 2444 1032 2516 αὐτὸν
1059 2445 1226 2517 κατὰ
1257 2445 1380 2537 τὴν
1422 2443 1736 2531 Ἰταλίαν,
1766 2442 1865 2527 οἷς
1900 2453 2097 2517 τοῦτο
2138 2450 2319 2515 ἐντέ-
2444 2424 2446 2513 l

403 2560 631 2636 ταλτο,
662 2550 1116 2641 διεχρήσαντο.
1181 2556 1489 2619 τοιοῦτον
1521 2550 1644 2638 μὲν
1682 2548 1766 2638 δὴ
1803 2553 1987 2631 τέλος
2022 2554 2323 2628 ἐκείνους

403 2656 798 2741 κατέλαβεν·
851 2648 886 2722 ὁ
918 2653 992 2721 δὲ
1017 2651 1370 2741 Κόμμοδος
1399 2652 1521 2722 δύο
1548 2650 1704 2732 τοὺς
1751 2653 2076 2745 ἐπάρχους
2116 2681 2317 2723 κατα-
2444 2694 2446 2725 ι

405 2757 648 2846 στήσας
674 2754 1170 2844 ἀσφαλέστερον
1199 2753 1391 2849 ᾠήθη
1431 2754 1519 2845 μῆ
1562 2758 1663 2825 ἐνὶ
1692 2757 2033 2827 πιστεύειν
2075 2756 2315 2826 τοσαύ-
2350 2785 2395 2827 25

285 2951 296 2960 ν
406 2889 530 2949 την
569 2862 914 2945 ἐξουσίαν,
951 2869 1390 2949 μερισθεῖσαν
1446 2859 1522 2928 δὲ
1574 2857 1789 2949 αὐτὴν
1826 2858 2322 2949 ἀσθενεστέραν

409 2970 685 3034 ἔσεσθαι
713 2961 950 3051 ῆλπισε
979 2960 1144 3050 πρὸς
1169 2961 1294 3051 τὴν
1315 2970 1656 3052 βασιλείας
1683 2966 2073 3053 ἐπιθυμίαν.

312 3080 388 3141 10
611 3066 860 3155 χρόνου
904 3064 979 3133 δὲ
1023 3062 1106 3134 οὐ
1149 3072 1403 3135 πολλοῦ
1446 3068 1927 3155 διαγενομένου
1982 3070 2172 3159 ἑτέρα
2222 3093 2321 3145 τις

410 3167 732 3258 ἐπιβουλὴ
759 3167 1032 3256 τοιαύτη
1057 3167 1202 3237 κατ’
1235 3167 1445 3238 αὐτοῦ
1478 3171 2009 3259 συνεσκευάσθη.
2043 3170 2315 3258 Μάτερ-

308 3309 344 3333 ι.
362 3298 556 3352 ιετνος
580 3262 668 3361 ῆν
693 3300 824 3358 τις,
853 3270 1257 3363 στρατιώτης
1282 3272 1405 3360 μὲν
1444 3271 1803 3360 πρότερον,
1842 3271 2056 3343 πολλὰ
2096 3272 2170 3342 δὲ
2206 3274 2319 3341 καὶ
2350 3294 2391 3335 ³⁰

411 3372 602 3443 δεινὰ
628 3375 986 3463 τολμήσας,
1029 3376 1153 3465 τήν
1189 3403 1262 3445 τε
1300 3374 1487 3457 τάξιν
1513 3372 1729 3445 λιπῶν
1767 3379 1879 3446 καὶ
1917 3384 2150 3456 πείσας
2178 3377 2314 3445 ἐτέ-

404 3503 566 3565 ρους
593 3473 722 3545 ἀπὸ
748 3482 884 3546 τῶν
910 3476 1136 3549 αὐτῶν
1163 3486 1383 3569 ἔργων
1402 3485 1929 3571 συναποδρᾶναι,
1946 3496 2137 3571 χεῖρα
2154 3487 2314 3547 πολ-
