2475 3859
877 104 1320 167 AEYTEPON
1966 102 2047 165 53

1634 220 1669 261 ο

135 272 313 363 τοριί
338 300 410 343 τε
451 270 682 345 ἀνεῖπε
719 277 831 345 καὶ
871 276 1196 366 σεβαστόν
1237 276 1763 367 προσηγόρευσε·
1816 274 1941 365 τήν
1975 304 2049 345 τε

136 383 490 465 βασίλειον
519 379 878 469 πορφύραν
901 380 1374 471 περιβαλόντες
1391 432 1409 468 ,
1438 382 1553 450 καὶ
1590 377 1670 449 τὰ
1708 378 1906 450 λοιπὰ
1931 386 2047 467 τῆς

136 486 516 567 σεβασμίου
553 489 744 570 τιμῆς
782 485 846 565 ἐξ
887 481 1326 572 αὐτοσχεδίου
1353 488 1772 573 παρασκευῆς
1804 479 2048 573 ἀθροί-

134 604 400 671 σαντες,
431 584 542 651 καὶ
570 587 1155 674 προπομπεύοντος
1185 593 1305 655 τοῦ
1336 585 1572 675 πυρός,
1604 592 1671 666 ἒς
1696 612 1767 655 τε
1792 583 1873 655 τὰ
1902 583 2049 675 ἱερὰ

79 717 108 757 5
139 692 262 773 τῆς
283 682 679 774 Ἀντιοχείας
704 686 824 757 τὸν
845 697 1110 778 Νίγρον
1137 687 1379 775 ἄγουσι
1414 692 1527 759 καὶ
1552 693 1619 769 ἐς
1656 685 1779 776 τὴν
1804 690 2049 757 ἑαυτοῦ

135 794 368 857 οἰκίαν
391 796 822 877 καθιστᾶσιν,
865 789 1088 863 οὐκέτι
1122 789 1335 881 αὐτὴν
1362 788 1705 880 ἰδιωτικὴν
1732 788 1899 861 ἀλλὰ
1924 799 2049 879 βα-

133 898 400 963 σίλειον
437 888 654 981 αὐλὴν
689 894 1110 984 νομίζοντες,Ι
1125 902 1287 965 πᾶσι
1312 894 1758 983 κοσμήσαντες
1792 896 2049 977 ἔξωθεν

134 1002 508 1083 βασιλικοῖς
535 996 911 1085 συμβόλοις.

348 1100 458 1167 ἐπὶ
491 1098 748 1180 τούτοις
783 1097 866 1186 δὴ
908 1096 945 1170 ὁ
984 1107 1242 1190 Νίγρος
1280 1098 1460 1169 πάνυ
1498 1096 1621 1186 τὴν
1662 1096 1885 1185 ψυχὴν
1928 1094 2044 1167 εύ-
2072 1108 2103 1164 7

51 1234 102 1273 1⁰
138 1206 498 1289 φραίνετο,
529 1198 941 1289 ὥχυρῶσθαί
980 1230 1049 1272 τε
1089 1198 1269 1295 αὐτῷ
1311 1200 1392 1272 τὰ
1431 1208 1545 1288 τῆς
1584 1197 1787 1289 ἀρχῆς
1826 1197 2047 1291 ἡγεῖτο

137 1302 256 1371 διά
292 1330 364 1372 τε
387 1301 510 1391 τὴν
537 1311 672 1373 τῶν
704 1302 1038 1393 Ῥωμαίων
1074 1305 1348 1394 γνιόμην
1373 1306 1485 1374 καὶ
1510 1301 1633 1392 τὴν
1662 1306 1816 1393 περὶ
1842 1300 2050 1374 αὐτὸν

136 1404 450 1494 σπουδὴν
473 1413 608 1476 τῶν
635 1405 1038 1497 ἀνθρώπων.
1093 1405 1181 1489 ὦς
1214 1407 1343 1497 γὰρ
1372 1407 1763 1495 διιπταμένη
1794 1404 1835 1495 ἡ
1864 1406 2047 1497 φήμη

136 1508 360 1577 πάντα
400 1512 696 1597 ἐπῆλθεν
734 1518 904 1600 ἔθνη
945 1508 1070 1581 ὅσα
1108 1510 1230 1600 τὴν
1264 1508 1728 1598 ἀντικειμένην
1768 1507 2048 1601 ἤπειρον

134 1616 220 1700 τῇ
245 1604 546 1703 Εὐρώπῃ
571 1630 894 1701 κατοικεῖ,
927 1611 1154 1695 ούδείς
1180 1641 1252 1683 τε
1277 1604 1365 1701 ἦν
1391 1610 1464 1694 ὃς
1490 1609 1615 1700 οὐχ
1652 1612 1826 1682 ἑκών
1866 1616 1934 1693 ἐς
1972 1609 2045 1681 τὸ

55 1746 103 1786 15
137 1708 514 1785 ὑπακούειν
547 1714 728 1809 αύτῷ
756 1714 1092 1805 ἠπείγετο,
1125 1723 1479 1805 πρεσβεῖαί
1512 1742 1582 1784 τε
1621 1711 1739 1783 ἄπ’
1772 1718 2049 1785 ἐκείνων

134 1823 276 1885 τῶν
303 1820 530 1887 ἐθνῶν
569 1822 635 1899 ἐς
661 1818 784 1907 τὴν
818 1816 1218 1907 Ἀντιόχειαν
1248 1815 1335 1898 ὥς
1378 1814 1542 1906 πρὸς
1568 1819 1842 1905 βασιλέα
1884 1813 2046 1905 ὁμο-

133 1920 554 2009 λογούμενον
579 1925 976 1992 ἐστέλλοντο.
1041 1927 1112 1991 οἵ
1136 1948 1207 1990 τε
1240 1923 1547 1990 ἐπέκεινα
1590 1925 1900 2009 Τίγριδος
1926 1920 2037 1988 καὶ
2072 1933 2107 1985 8

134 2019 510 2112 Εὐφρατου
553 2046 878 2114 σατραπαι
919 2026 1032 2093 καὶ
1070 2032 1363 2114 βασιλεῖς
1402 2023 1793 2093 ἐπέστελλον
1832 2044 2045 2110 συνη-

137 2125 412 2214 δόμενοι
437 2122 652 2220 αὐτω,
685 2130 798 2197 καὶ
827 2134 891 2196 εί
925 2130 1175 2214 δέοιτο,
1218 2132 1539 2216 βοηθείας
1572 2114 2036 2213 ὑπισχνοῦντο.

51 2256 106 2297 20
139 2224 178 2296 ὃ
210 2228 286 2297 δὲ
327 2228 568 2319 δώροις
606 2258 688 2299 τε
715 2227 963 2311 αὐτοὺς
1000 2236 1518 2321 μεγαλοπρεπῶς
1555 2225 1897 2319 ἠμείβετο,
1934 2229 2047 2297 καὶ

137 2333 247 2401 ἐπὶ
282 2338 364 2421 τῇ
403 2338 664 2423 σπουδῇ
704 2335 817 2403 καὶ
851 2350 994 2413 ταῖς
1035 2330 1427 2421 ὑποσχέσεσι
1466 2330 1663 2423 χάριν
1697 2330 2047 2421 γινωσκων

137 2440 326 2522 ἔλεγε
344 2432 434 2523 μὴ
463 2440 728 2505 δεῖσθαι
755 2436 1116 2524 συμμάχων
1133 2459 1149 2473 ·
1179 2434 1304 2524 τὴν
1330 2433 1457 2525 γὰρ
1486 2431 1699 2527 ἀρχὴν
1716 2432 1897 2530 αὐτῷ
1923 2442 2041 2524 βε-

137 2544 346 2625 βαίως
373 2534 809 2629 ὠχυρῶσθαι,
839 2537 1167 2628 ἀναιμωτί
1185 2567 1259 2608 τε
1286 2536 1529 2631 ἄρξειν.

339 2641 610 2723 ταύταις
665 2642 1096 2731 ἐπαιρόμενος
1139 2656 1284 2721 ταῖς
1338 2645 1599 2720 ἐλπίσιν
1650 2635 1924 2723 ὖπτίαζέ
1972 2665 2043 2707 τε
2074 2656 2109 2711 9

55 2778 106 2819 25
139 2740 310 2830 πρὸς
335 2740 462 2833 τὴν
485 2751 622 2814 τῶν
641 2745 1046 2836 πραγμάτων
1063 2746 1471 2833 ἐπιμέλειαν,
1500 2745 1615 2812 καὶ
1638 2746 1705 2822 ἐς
1729 2740 1805 2811 τὸ
1839 2738 2044 2831 ἁβρο-

137 2850 398 2916 δίαιτον
443 2843 788 2936 ἀνειμένος
837 2864 973 2928 τοῖς
1036 2844 1441 2934 Ἀντιοχεῦσι
1482 2851 2035 2936 συνευφραίνετο,

136 2950 394 3037 ἑορταῖς
419 2977 489 3019 τε
520 2953 633 3020 καὶ
666 2953 858 3032 θέαις
893 2948 1234 3032 ἐπιδιδοὺς
1275 2947 1533 3019 ἑαυτόν.
1590 2954 1705 3036 τῆς
1730 2974 1799 3016 τε
1826 2950 1893 3027 ἐς
1919 2944 2043 3034 τὴν

127 3046 385 3141 Ῥώμην
411 3049 694 3141 ἀφόδου,
725 3050 838 3141 ἐφ’
869 3082 956 3143 ην
980 3053 1261 3142 μαλιστα
1286 3055 1486 3142 ἐχρῆν
1512 3050 1848 3136 σπεύδειν,
1878 3045 2042 3137 ἠμέ-

136 3162 258 3223 λει.
362 3172 500 3237 τοῖς
527 3157 603 3226 δὲ
627 3152 1009 3247 Ἰλλυρικοῖς
1035 3155 1479 3246 στρατεύμασι
1508 3156 1665 3223 δέον
1693 3156 2040 3277 ἐπιφοιτη-
2075 3176 2142 3228 10

61 3290 106 3331 ιο
142 3278 252 3327 σαι
281 3260 408 3346 τὴν
435 3267 746 3348 ταχίστην
771 3261 882 3329 καὶ
911 3260 1169 3347 φθασαι
1207 3257 1722 3384 οίκειωσαμενον
1752 3252 1954 3341 αὐτα,
2000 3249 2040 3322 ὃ

135 3360 212 3429 δὲ
239 3356 401 3431 οὐδὲ
435 3370 572 3431 τῶν
599 3364 1070 3452 πραττομένων
1107 3390 1169 3431 τι
1195 3358 1422 3441 αὐτοῖς
1460 3361 1734 3448 ἐδηλου,
1762 3362 2041 3442 ἐλπίζων

135 3489 292 3545 τους
317 3467 458 3535 ἐκεῖ
491 3463 890 3555 στρατιώτας
907 3517 928 3555 ,
959 3474 1028 3536 εἴ
1055 3491 1214 3535 ποτε
1255 3466 1369 3535 καὶ
1393 3463 1709 3554 μάθοιεν,
1736 3458 2039 3552 ομογνιό-
