2475 3859
818 184 1251 244 TETAPTON
1858 182 1931 243 12
1946 184 1968 243 l

59 356 184 423 καὶ
221 360 479 443 πρῶτος
505 349 543 423 ὃ
580 362 928 442 Μακρῖνος
967 350 1233 434 ἐπιστάς
1278 359 1369 447 τῷ
1398 352 1694 442 πτω’ματι
1720 352 1978 444 ὀλοφύ-

63 464 326 544 ρεσθαί
367 485 438 526 τε
477 458 590 526 καὶ
631 467 916 545 θρηνεῖν
954 472 1432 546 προσεποιεῖτο.
1512 453 1553 527 ὅ
1589 485 1659 527 τε
1698 458 1976 548 στρατὸς

63 567 204 641 πᾶς
230 567 528 649 χαλεπῶς
553 561 666 629 καὶ
701 559 1058 651 δυσφόρως
1094 556 1337 649 ἤνεγκε
1362 558 1435 629 τὸ
1462 564 1794 648 πραχθέν·
1848 584 1975 631 συ-
2092 616 2103 625 ,

63 662 482 752 στρατιώτην
507 660 634 752 γὰρ
661 664 772 732 καὶ
799 660 1130 733 κοινωνὸν
1153 669 1275 733 τοῦ
1303 669 1487 751 βίου,
1516 659 1663 731 ἀλλ’
1698 661 1821 733 οὐκ
1852 662 1976 756 ἅρ-

0 800 28 839 5
63 794 274 855 χοντα
313 762 524 860 ᾤοντο
557 763 1101 856 ἀποβεβληκέναι.
1175 766 1290 838 καὶ
1326 762 1649 854 οὐδεμίαν
1685 794 1789 835 πω
1828 771 1976 837 ἐπι-

64 867 329 958 βουλὴν
357 866 756 939 ὑπώπτευον
783 872 855 939 ἐκ
896 875 1017 939 τοῦ
1058 875 1451 958 Μακρίνου,
1495 865 1701 962 ᾧόντο
1740 871 1814 939 δὲ
1856 869 1975 941 τὸν

61 971 494 1061 Μαρτιάλιον
527 978 783 1041 οἰκείαν
821 978 1072 1061 ἔχθραν
1111 967 1519 1060 ἀμύνασθαι.
1602 975 1716 1042 καὶ
1750 982 1822 1043 οἳ
1852 974 1975 1062 μὲν
2008 990 2045 1042 8

65 1078 347 1156 ἕκαστος
372 1078 438 1157 ἐς
462 1072 576 1155 τὰς
601 1072 848 1163 σκηνὰς
873 1079 1236 1165 ἐπανῇσαν·
1267 1070 1304 1143 ὁ
1338 1074 1413 1145 δὲ
1438 1084 1785 1165 Μακρῖνος
1812 1079 1977 1165 πυρὶ

65 1175 418 1269 παραδοὺς
448 1176 520 1247 τὸ
549 1177 913 1265 σωμάτιον,
942 1177 1064 1267 τήν
1089 1204 1162 1247 τε
1201 1176 1395 1247 κόνιν
1431 1178 1652 1269 κάλπῃ
1688 1181 1819 1248 τινὶ
1861 1182 1978 1268 ἐμ-

5 1309 32 1349 o
69 1280 334 1370 βαλών,
377 1287 627 1369 ἔπεμψε
665 1287 744 1370 τῇ
782 1282 980 1371 μητρὶ
1018 1277 1229 1351 αὐτοῦ
1268 1278 1687 1369 καταθάψαι,
1721 1286 1795 1351 ἐν
1826 1278 1977 1352 Ἀν-

65 1391 322 1476 τιοχεία
360 1384 815 1473 διατριβούσῃ.
873 1387 1094 1471 ἐκείνη
1126 1383 1200 1452 δὲ
1238 1386 1349 1453 ἐπὶ
1388 1400 1528 1466 ταῖς
1554 1390 1690 1454 τῶν
1716 1391 1978 1456 παίδων

65 1484 330 1577 ὁμοίαις
355 1502 732 1575 συμφοραῖς
753 1497 882 1556 εἴτε
909 1488 1154 1556 ἑκοῦσα
1183 1496 1315 1555 εἴτε
1344 1497 1783 1557 κελευσθεῖσα
1812 1486 1977 1559 ἄπε-

64 1593 452 1679 καρτέρησε.
515 1589 796 1682 τοιούτῳ
821 1588 945 1678 μὲν
971 1587 1054 1677 δὴ
1096 1590 1271 1657 τέλει
1312 1590 1625 1679 ἐχρήσατο
1662 1588 1699 1661 ὁ
1732 1588 1976 1661 Ἀντω-

63 1709 256 1773 νῖνος
283 1695 394 1761 καὶ
422 1689 463 1781 ἡ
501 1692 712 1782 μήτηρ
749 1690 1020 1780 Ἰουλία,
1051 1688 1541 1780 &douvres-„033
1568 1702 1973 1784 προείρηται.

7 1819 31 1859 5
65 1804 196 1877 πᾶς
223 1795 299 1865 δὲ
325 1791 362 1865 ὁ
389 1796 624 1884 χρόνος
651 1799 724 1865 ἐν
832 1794 1032 1883 μόνος
1059 1797 1489 1883 ἐβασίλευσεν
1506 1790 1672 1866 ἄνευ
1700 1803 1821 1885 τοῦ
1845 1823 1975 1866 πα-

60 1896 218 1990 τρὸς
245 1899 357 1969 καὶ
393 1905 514 1967 τοῦ
545 1895 878 1987 ἀδελφοῦ,
909 1902 982 1967 ἐν
1012 1900 1080 1979 ἓξ
1107 1903 1277 1967 ἔτεσι
1303 1900 1771 1987 συνετελέσθη.

269 2001 779 2090 τελευτήσαντος
810 2001 884 2070 δὲ
913 2006 1032 2069 τοῦ
1062 1996 1466 2071 Ἀντωνίνου
1493 2004 1566 2071 ἐν
1605 1999 1859 2093 ἀφασία
1898 2029 1971 2071 τε
2000 2012 2074 2071 14

62 2096 152 2194 ἦν
185 2101 224 2174 ὁ
264 2103 540 2205 στρατὸς
571 2106 683 2173 καὶ
732 2100 980 2195 ἀπορίᾳ
1014 2109 1138 2172 τοῦ
1177 2106 1544 2193 πρακτέου·
1592 2104 1865 2193 ἔμεινάν
1904 2132 1975 2175 τε

63 2205 336 2297 ἡμερῶν
369 2206 494 2276 δύο
533 2204 996 2295 ἀβασίλευτοι,
1037 2206 1310 2294 ἐζήτουν
1344 2233 1415 2275 τε
1450 2202 1533 2276 ὃν
1572 2209 1977 2289 ἐπιλέξονται

0 2336 34 2376 ιο
65 2308 376 2401 ἄρχοντα.
459 2312 572 2379 καὶ
605 2308 733 2400 γὰρ
776 2306 1130 2398 ἠγγέλλετο
1171 2306 1336 2397 μετὰ
1382 2316 1635 2380 πολλοῦ
1674 2313 1978 2399 πλήθους

63 2416 178 2485 καὶ
211 2412 558 2501 δυνάμεως
596 2408 865 2482 ἐπιωνὸ
903 2409 1336 2501 Ἀρτάβανος,
1367 2418 1556 2494 δίκας
1595 2409 1977 2502 ἀπαιτήσων

63 2516 462 2607 τιμωρήσων
490 2542 560 2584 τε
591 2531 726 2596 τοῖς
756 2518 830 2583 ἐν
855 2520 1174 2595 σπονδαῖς
1211 2517 1324 2584 καὶ
1366 2516 1597 2605 εἰρήνῃ
1636 2514 1974 2605 ἀνῃρημέ-

61 2648 227 2702 νοις.
299 2624 646 2708 αῐροῦνται
680 2616 765 2706 δὴ
816 2619 1089 2705 βασιλέα
1133 2624 1398 2706 πρῶτον
1452 2619 1576 2706 μὲν
1622 2615 1972 2689 Ἀδεέντον
2000 2642 2035 2695 2

63 2720 152 2805 ὡς
189 2721 662 2807 στρατιωτικόν
699 2748 770 2789 τε
807 2722 922 2789 καὶ
961 2725 1251 2805 ἔπαρχον
1280 2717 1363 2788 οὐ
1406 2728 1670 2807 φαῦλον
1699 2721 1977 2809 γενόμε-

0 2858 34 2898 25
65 2854 194 2895 νον
212 2848 227 2863 ·
263 2820 301 2894 ὃ
331 2824 406 2894 δὲ
427 2832 632 2912 γῆρας
659 2822 1131 2913 προϊσχόμενος
1149 2822 1569 2912 παρῃτήσατο
1590 2845 1604 2859 ·
1626 2819 1769 2911 μετ’
1803 2826 1976 2893 ἐκεῖ·

59 2957 186 2999 νον
217 2926 296 2997 δὲ
321 2925 440 2996 τὸν
464 2935 852 3017 Μακρῖνον,
897 2922 1279 2995 πειθόντων
1318 2922 1564 3005 αὐτοὺς
1592 2923 1973 3014 χιλιάρχων,

61 3040 132 3102 οἳ
155 3033 272 3101 καὶ
297 3037 411 3118 τῆς
453 3033 808 3118 ἐπιβουλῆς
846 3035 965 3096 τοῦ
1005 3022 1411 3095 Ἀντωνίνου
1440 3027 1823 3115 συνωμόται
1862 3030 1975 3097 καὶ

59 3134 383 3204 κοινωνοὶ
409 3139 530 3201 τοῦ
561 3137 925 3220 Μακρίνου
967 3135 1375 3218 γεγενῆσθαι
1402 3125 1962 3219 ὑπωπτεύθησαν.

61 3226 354 3327 ὕστερον
379 3241 547 3323 γοῦν
574 3234 1034 3321 ἐκολάσθησαν
1071 3230 1234 3320 μετὰ
1274 3230 1397 3319 τὴν
1435 3234 1697 3301 ἐκείνου
1740 3242 1972 3302 τελευ-

0 3366 34 3407 ιο
65 3340 222 3427 τήν,
255 3334 346 3418 ὥς
372 3340 446 3407 ἐν
472 3352 609 3417 τοῖς
637 3339 780 3424 ἑξῆς
806 3338 1112 3425 ἐροῦμεν.
1165 3337 1497 3425 παρέλαβε
1524 3336 1599 3404 δὲ
1626 3334 1747 3424 τὴν
1777 3343 1969 3424 βασι*
1995 3360 2031 3414 3

67 3452 258 3513 λείαν
297 3436 333 3512 ὁ
377 3449 724 3529 Μακρῖνος
757 3436 881 3526 οὐχ
911 3434 1121 3518 οὕτως
1161 3434 1394 3530 εὐνοίᾳ
1432 3439 1545 3507 καὶ
1584 3446 1801 3508 πίστει
1839 3444 1975 3508 τῶν

63 3550 489 3638 στρατιωτῶν
508 3539 596 3623 ὥς
617 3538 870 3631 ἀνάγκη
890 3542 1002 3611 καὶ
1017 3547 1206 3635 χρεία
1225 3548 1347 3611 τοῦ
1364 3540 1688 3633 παρόντος
1716 3548 1971 3633 καιροῦ.
