2475 3859
808 122 1247 181 TETAPTON
1842 121 1869 181 1
1884 120 1957 180 13

39 288 201 359 λων
227 291 473 360 ἑαυτοῦ
515 293 804 379 ἐπέθηκε
838 299 918 382 τῇ
961 295 1226 363 ἐκείνου
1264 298 1458 384 σορῷ.
1514 286 1557 361 ἃ
1590 289 1673 379 δὴ
1702 287 1883 380 ὀρῶν
1916 287 1951 361 ὁ
1986 310 2023 370 9

42 400 267 482 δῆμος
295 389 720 483 ὑπερέχαιρε,
754 402 1173 483 παννυχίζων
1201 422 1273 464 τε
1296 396 1408 463 καὶ
1436 393 1790 484 ἑορτάζων,
1830 390 1955 463 οὐκ

43 494 257 575 είδῶς
284 494 406 585 τὴν
431 504 554 566 τοῦ
580 501 900 585 βασιλέως
938 498 1413 568 λανθάνουσαν
1447 497 1749 586 γνώμην·
1792 503 1958 568 ταῦ-

42 627 138 669 τα
167 626 296 687 γαρ
323 598 536 669 πάντα
563 597 875 682 ἐκεῖνος’
837 608 1238 692 υπεκρίνατο
1259 600 1660 688 βουλόμενος
1685 597 1755 669 τὸ
1788 606 1958 687 πλῆ-

0 735 6 771 ι
47 713 188 783 θος
213 698 440 771 αὐτῶν
465 708 882 794 διαφθεῖραι.
941 700 982 793 ἡ
1015 700 1077 773 δ’
1125 710 1303 775 αἰτία
1344 709 1465 773 τοῦ
1504 702 1959 783 λανθάνοντος

44 812 295 892 μίσους
322 805 544 875 τοιάδε
569 833 669 887 τις
693 798 806 896 ἦν·
869 802 1313 896 ἀπηγγέλλετο
1338 784 1520 898 αύτῷ
1532 812 1953 893 διατρίβοντι
1982 820 2016 870 2

47 909 170 977 ἐπὶ
207 914 320 996 τῆς
345 905 587 997 Ῥώμης
637 916 764 997 ἔτι,
805 912 917 979 καὶ
956 917 1075 979 τοῦ
1116 906 1415 997 ἀδελφοῦ
1452 908 1793 997 περιόντος
1846 911 1959 977 καὶ

47 1038 224 1098 μετα
249 1010 368 1081 τὸν
393 1014 656 1083 ἐκείνου
685 1012 931 1101 φόνον,
961 1010 1062 1083 ὅτι
1089 1040 1218 1100 αρα
1246 1010 1382 1083 εἶεν
1412 1008 1621 1081 πολλὰ
1648 1014 1714 1092 ἐς
1750 1007 1959 1081 αὐτὸν

51 1109 595 1196 ἆποσκώψαντες.
649 1115 988 1205 πεφύκασι
1015 1118 1095 1186 δέ
1123 1142 1263 1197 πως
1292 1114 1460 1185 εἶναι
1486 1112 1958 1238 φιλοσκώμμο-

0 1241 16 1279 ³
53 1244 172 1298 νες
205 1219 318 1286 καὶ
347 1220 568 1306 λέγειν
597 1215 923 1307 εὐστόχως
949 1216 1344 1307 ὑπογραφὰς
1368 1246 1411 1306 η
1383 1213 1715 1304 “παιδιάς,
1744 1212 1957 1304 ἀπορ-

54 1327 452 1404 ριπτοῦντες
479 1325 545 1402 ἐς
572 1349 728 1404 τους
759 1318 1203 1411 υπερέχοντας
1242 1318 1455 1392 πολλὰ
1493 1327 1804 1410 χαρίεντα
1833 1319 1956 1407 μὲν

53 1420 288 1502 αὐτοῖς
338 1428 702 1511 δοκοῦντα,
742 1423 1008 1513 λυπηρὰ
1060 1425 1135 1494 δὲ
1188 1440 1326 1504 τοῖς
1376 1433 1781 1513 σκωφθεῖσι·
1824 1428 1959 1491 τῶν

53 1523 190 1614 γὰρ
217 1526 538 1597 τοιούτων
565 1534 768 1611 κνίζει
801 1528 1078 1616 μάλιστα
1113 1523 1240 1597 ὅσα
1278 1528 1527 1614 ἐλέγχει
1570 1532 1705 1595 τῶν
1744 1521 1958 1613 ἆμαρ-

51 1628 365 1717 τημάτων
389 1627 512 1718 τὴν
549 1626 894 1718 ἀλήθειαν.
997 1628 1210 1701 πολλὰ
1250 1635 1481 1699 τοίνυν
1518 1631 1795 1698 ἐκείνων
1824 1624 1952 1697 αύ-
1979 1638 2014 1693 3

0 1753 20 1789 5
57 1730 183 1800 τὸν
207 1732 618 1814 σκωψάντων
647 1739 712 1813 ἔς
729 1760 800 1803 τε
827 1732 946 1821 τὴν
973 1740 1094 1803 τοῦ
1125 1729 1427 1821 ἀδελφοῦ
1454 1727 1819 1821 ἀναίρεσιν,
1846 1732 1959 1800 καὶ

49 1832 179 1922 τὴν
195 1842 560 1922 πρεσβῦτιν
579 1832 909 1925 Ἰοκάστην
925 1835 1332 1922 καλούντων,
1352 1836 1607 1905 ἐκεῖνον
1626 1833 1701 1903 δὲ
1715 1841 1957 1920 χλευα-

51 1938 306 2020 ζόντων
356 1934 458 2007 ὅτι
496 1937 580 2027 δὴ
625 1938 858 2029 μικρὸς
903 1935 1000 2009 ὢν
1038 1935 1467 2025 Ἀλέξανδρον
1512 1937 1625 2005 καὶ
1657 1932 1957 2023 Ἀχιλλέα

51 2040 564 2127 γενναιοτάτους
589 2044 700 2111 καὶ
726 2050 1076 2130 μεγίστους
1099 2038 1321 2131 ἥρωας
1352 2042 1660 2128 ἐμιμεῖτο,
1684 2033 1957 2109 τοιαῦτά

53 2171 209 2212 τινα
235 2151 488 2227 παίζειν
517 2141 742 2214 αὐτῶν
769 2144 1172 2232 δοκούντων,
1187 2140 1467 2234 ὀλέθρια
1495 2143 1607 2212 καὶ
1636 2144 1955 2229 ἐπίβουλα

0 2270 24 2308 ⁰
57 2242 206 2315 κατ’
259 2243 484 2316 αὐτῶν
522 2250 900 2330 σκέψασθαι
940 2246 1058 2319 τὸν
1105 2245 1505 2317 ’Λντωνῖνον
1548 2242 1953 2333 ἠνάγκασαν,

57 2348 264 2437 φύσει
305 2347 463 2419 ὄντα
515 2347 787 2440 ὀργίλον
839 2353 950 2421 καὶ
987 2350 1292 2439 φονικόν.
1365 2353 1954 2437 συμπανηγυρίσας
1982 2368 2016 2419 4

55 2459 294 2521 τοίνυν
331 2449 555 2535 αὐτοῖς
600 2456 710 2523 καὶ
755 2454 1228 2545 συνεορτάσας,
1277 2448 1365 2533 ὥς
1407 2452 1543 2523 εἶδε
1585 2458 1804 2522 πᾶσαν
1834 2448 1955 2573 την

55 2554 256 2623 πόλιν
284 2556 586 2644 πλήθους
610 2563 926 2646 μεγίστου
954 2558 1477 2646 πεπληρωμένην
1504 2561 1641 2624 τῶν
1668 2549 1797 2623 άπὸ
1826 2552 1957 2623 πά-

55 2678 176 2744 σης
214 2658 369 2747 περὶ
403 2655 616 2749 αὐτην
658 2659 875 2784 χώρας
924 2662 1064 2729 ἐκεῖ
1095 2657 1601 2745 συνελθόντων,
1644 2654 1755 2725 διὰ
1790 2680 1955 2744 προ-

0 2791 24 2831 5
58 2760 434 2851 γράμματος
459 2769 678 2833 πᾶσαν
705 2761 827 2850 τὴν
867 2769 1180 2832 νεολαίαν
1218 2767 1285 2841 ἔς
1324 2788 1386 2829 τι
1428 2765 1658 2831 πεδίον
1697 2756 1955 2827 κελεύει

59 2874 446 2953 συνελθεῖν,
475 2865 690 2955 φήσας
719 2870 788 2951 ἐς
811 2864 932 2953 τὴν
959 2859 1393 2953 Ἀλεξάνδρου
1420 2860 1616 2950 τιμὴν
1643 2859 1951 2949 φάλαγγα

60 2967 430 3053 βούλεσθαι
483 2968 971 3057 συστήσασθαι,
1027 2990 1247 3055 ωσπερ
1312 2965 1787 3050 Μακεδονικὴν
1841 2964 1953 3030 καὶ

60 3077 509 3160 Σπαρτιᾶτιν,
539 3069 714 3141 οὕτω
735 3074 846 3141 καὶ
871 3079 990 3140 τοῦ
1017 3068 1228 3159 ἥρωος
1256 3067 1665 3156 ἐπωνύμους.
1694 3064 1953 3135 κελεύει
1985 3088 2015 3137 5

62 3171 148 3261 δὴ
189 3173 499 3263 στιχηδὸν
529 3172 700 3255 τοὺς
740 3180 1006 3255 νεανίας
1043 3172 1291 3252 πάντας
1335 3175 1715 3259 διαστῆναι,
1754 3163 1841 3249 ὡς
1872 3162 1955 3235 ἂν

0 3304 29 3343 ο
65 3277 375 3348 ἐπελθὼν
401 3282 679 3348 ἕκαστον
721 3284 832 3367 ἴδη
873 3284 1011 3358 πῶς
1051 3305 1120 3346 τε
1149 3272 1407 3364 ἡλικίας
1442 3280 1577 3363 ἔχοι
1614 3274 1725 3341 καὶ
1762 3271 1958 3359 μεγέ-

63 3390 236 3461 θους
275 3381 573 3469 σώματος
616 3384 728 3450 καὶ
767 3378 1022 3463 εὐεξίας
1061 3384 1127 3462 ές
1176 3384 1525 3469 στρατείαν
1564 3378 1961 3463 ἐπιτηδείου.

66 3483 334 3573 ταύταις
363 3480 574 3555 αὐτοῦ
601 3500 741 3565 ταῖς
785 3480 1174 3571 ὑποσχέσεσι
1205 3480 1673 3557 πιστεύσαντες
1710 3482 1774 3547 οἱ
1811 3503 1965 3546 νεα-

154 3620 504 3663 HERomAN.
763 3666 769 3674 ,
1631 3592 1667 3654 8
