2475 3859
415 133 534 196 154
1225 135 1521 196 ΕΚΤΟΝ
2384 42 2404 325 Ι

411 303 684 398 αγαγών
727 305 846 378 τὸν
883 304 1170 396 στρατὸν
1212 304 1377 395 μήτε
1404 304 1765 394 εἰσελθών,
1794 301 1839 395 ἢ
1864 303 1979 376 διὰ
2004 306 2189 394 δέος,
2218 310 2318 376 ἵνα

410 411 500 502 μὴ
527 409 610 499 δὴ
657 407 858 492 αὐτὸς
897 407 1291 480 κινδυνεύοι
1336 416 1519 500 ψυχῇ
1556 412 1671 480 καὶ
1705 408 1957 498 σώματι
1996 405 2175 496 ’ὑπὲρ
2214 415 2319 497 τῆς

400 513 739 602 Ῥωμαίων
767 511 1002 602 ἀρχῆς,
1030 509 1074 602 ἢ
1099 520 1215 601 τῆς
1252 512 1497 601 μητρὸς
1536 513 1929 601 ἐπισχούσης
1970 519 2317 602 γυναικείᾳ

345 632 383 686 9
413 625 631 708 δειλίᾳ
657 619 770 686 καὶ
795 612 1310 706 ὑπερβαλλούσῃ
1338 623 1748 707 φιλοτεκνίᾳ.
1864 613 2173 704 ’ἤμβλυνε
2201 614 2315 706 γὰρ

407 718 620 793 αὐτοῦ
647 718 762 800 τὰς
801 717 968 809 πρὸς
1010 716 1331 808 ἀνδρείαν
1370 713 1607 808 ὁρμάς,
1638 725 1973 788 πείθουσα
2006 724 2161 788 δεῖν
2203 716 2307 787 ἄλ·
2340 736 2359 774 5

407 834 568 904 λους
597 818 769 911 ὑπὲρ
799 820 1012 894 αὐτοῦ
1045 820 1509 910 κινδυνεύειν,
1530 817 1721 892 -ἀλλά
1744 819 1835 910 μὴ
1864 818 2073 891 αὐτὸν
2102 848 2313 910 παρα-

406 926 794 998 τάττεσθαι·
835 922 1003 1015 ὅπερ
1047 923 1168 996 τὸν
1219 923 1611 996 εἰσελθόντα
1650 921 1987 1013 Ῥωμαίων
2038 923 2315 1016 στρατὸν

405 1027 770 1100 ἀπώλεσεν.
824 1025 860 1098 ὁ
889 1028 1015 1117 γὰρ
1041 1030 1311 1117 Πέρσης
1336 1025 1468 1098 σὺν
1495 1027 1673 1118 πάσῃ
1698 1034 1779 1116 τῇ
1809 1026 2095 1116 δυνάμει
2131 1031 2316 1100 ἐπελ-

405 1131 560 1204 &obv
587 1129 670 1202 ού
697 1136 1206 1221 προσδοκῶντος
1233 1137 1355 1200 τοῦ
1384 1138 1693 1221 στρατοῦ,
1722 1127 2188 1219 ἐκπεριελθὼν
2213 1132 2315 1200 καὶ

409 1233 633 1324 ὥσπερ
685 1234 1136 1323 σαγηνεύσας,
1191 1233 1617 1323 πανταχόθεν
1668 1261 1739 1304 τε
1792 1233 2121 1323 τοξεύων,
2182 1236 2312 1305 διέ-
2338 1257 2371 1296 10

409 1349 656 1428 φθειρε
683 1336 806 1426 τὴν
846 1337 1140 1425 δύναμιν
1171 1343 1309 1407 τῶν
1338 1334 1712 1426 Ῥωμαίων,
1754 1333 2001 1425 ὀλίγων
2048 1365 2121 1408 τε
2162 1335 2314 1428 πρὸς

407 1437 698 1521 πολλοὺς
717 1438 1170 1511 ἀνθίστασθαι
1199 1437 1291 1529 μὴ
1320 1442 1738 1529 δυναμένων,
1780 1441 1895 1510 καὶ
1932 1437 2036 1510 ἀεὶ
2076 1439 2161 1510 τὰ
2200 1468 2313 1529 γυ-
2404 1431 2415 1456 ⁴

403 1543 540 1633 μνὰ
567 1546 844 1629 ἑαυτῶν,
865 1547 931 1625 ἐς
961 1538 1004 1612 δι’
1030 1543 1431 1630 ἐτοξεύοντο,
1448 1543 1881 1632 φραττόντων
1910 1557 2045 1623 τοῖς
2074 1540 2309 1623 ὅπλοις·

409 1647 696 1737 ῥύεσθαι
716 1646 844 1736 γὰρ
873 1644 1100 1727 αὐτοῖς
1127 1645 1208 1716 τὰ
1235 1645 1507 1735 σώματα
1522 1696 1541 1733 ,
1580 1643 1665 1716 ού
1702 1645 2031 1734 μάχεσθαι
2061 1643 2311 1736 ἀγαπη-

309 1769 378 1823 10
409 1748 529 1822 τὸν
555 1741 674 1840 ἦν·
705 1757 850 1821 ἔστε
878 1749 962 1839 δὴ
989 1749 1229 1830 πάντες
1258 1752 1324 1829 ἐς
1358 1748 1433 1818 τὸ
1467 1745 1631 1820 αὐτὸ
1661 1750 2183 1831 συναλισθέντες
2206 1751 2311 1819 καὶ
2338 1751 2377 1810 '15

405 1861 488 1946 τῇ
514 1861 650 1924 τῶν
677 1851 982 1924 ἀσπίδων
1019 1858 1315 1942 προβολῇ
1360 1848 1585 1940 ὥσπερ
1626 1858 2026 1939 τειχίσαντες
2067 1851 2313 1941 ἀπεμά-
2410 1929 2412 1934 .

406 1985 602 2047 χοντο
629 1960 704 2026 ἐν
731 1956 1010 2045 σχήματι
1035 1963 1455 2043 πολιορκίας,
1482 1957 1597 2024 καὶ
1624 1954 2049 2042 πανταχόθεν
2075 1953 2313 2046 βαλλό-
2410 2009 2412 2018 .

405 2088 598 2150 μενοι
640 2060 756 2129 καὶ
794 2058 1345 2148 τιτρωσκόμενοι,
1386 2055 1807 2146 ἀντισχόντες
1858 2061 1926 2138 ἐς
1970 2054 2129 2128 ὅσον
2172 2063 2313 2129 ἐνε-

408 2166 633 2252 δέχετο
663 2158 1024 2249 ἀνδρείως,
1053 2159 1126 2232 τὸ
1153 2170 1541 2232 τελευταῖον
1566 2160 1807 2242 πάντες
1828 2161 2311 2252 διεφθάρησαν.

403 2273 680 2355 μεγίστη
709 2291 782 2334 τε
819 2261 988 2352 αὕτη
1029 2262 1349 2353 συμφορὰ
1386 2265 1501 2333 καὶ
1534 2261 1619 2334 οὐ
1656 2267 1905 2355 ῥᾳδίως
1937 2291 2313 2354 μνημονευ-
2338 2285 2381 2326 ‘³⁰

405 2379 605 2438 θεῖσα
639 2363 995 2455 Ῥωμαίους
1021 2370 1274 2453 ἐπέσχε,
1304 2367 1651 2455 δυνάμεως
1677 2374 1989 2456 μεγίστης
2016 2373 2315 2457 διαφθα-
2410 2359 2412 2387 ¹

408 2477 663 2561 ρείσης,
694 2470 925 2560 γνώμῃ
963 2471 1075 2539 καὶ
1104 2470 1294 2560 ῥώμῃ
1319 2475 1641 2559 μηδεμιᾶς
1666 2476 1802 2539 τῶν
1831 2466 2124 2560 ἀρχαίων
2148 2468 2317 2542 ἀπο-

407 2573 691 2662 δεούσης
707 2594 720 2610 ·
751 2573 868 2642 τόν
893 2599 966 2642 τε
993 2575 1266 2662 Πέρσην
1292 2576 1358 2654 ἐς
1385 2577 1622 2643 ἐλπίδα
1648 2572 1970 2660 μειζόνων
2012 2573 2317 2666 πραγμά-

405 2705 542 2748 των
569 2675 872 2764 έτύφωσε
903 2675 1315 2764 τηλικούτων
1342 2683 1560 2766 ἔργων
1588 2673 1941 2765 εὐπραγία.

344 2793 384 2856 6
611 2775 700 2860 ὡς
733 2779 806 2848 δὲ
849 2786 1057 2848 ταῦτα
1095 2786 1188 2872 τῷ
1221 2777 1629 2871 Ἀλεξάνδρῳ
1672 2780 1981 2868 ἐδηλώθη
2023 2787 2323 2871 χαλεπος
2346 2809 2387 2851 z

402 2889 721 2954 νοσοῦντι
751 2892 881 2952 εἴτε
908 2880 1021 2951 διὰ
1047 2888 1441 2971 δυσθυμίαν
1478 2892 1610 2952 εἴτε
1650 2881 1764 2952 διὰ
1802 2881 1927 2972 τὴν
1966 2888 2087 2952 τοῦ
2126 2878 2323 2969 ἀέρος

401 2984 725 3075 ἀήθειαν,
765 2981 967 3066 αὐτός
1023 3013 1094 3055 τε
1134 2985 1495 3075 δυσφόρως
1532 2981 1807 3074 ἤνεγκε,
1851 2987 1965 3055 καὶ
2010 2981 2047 3055 ὃ
2091 2983 2325 3064 λοιπὸς

401 3090 682 3178 στρατὸς
720 3086 1136 3177 ἠγανάκτησε
1175 3087 1344 3177 πρὸς
1386 3086 1507 3158 τὸν
1539 3085 1977 3179 Ἀλέξανδρον
2014 3089 2130 3157 καὶ
2166 3089 2325 3175 ἐχα-

401 3194 752 3278 λέπαινεν,
781 3187 884 3260 ὅτι
913 3190 997 3280 δὴ
1031 3192 1457 3277 ψευσαμένου
1489 3188 1703 3261 αὐτοῦ
1729 3194 1843 3261 καὶ
1868 3189 1959 3279 μὴ
1988 3190 2325 3279 τηρήσαν-
2406 3211 2408 3238 ¹

403 3320 516 3373 τος
565 3291 646 3362 τὰ
684 3291 1082 3380 συνθήματα
1133 3299 1503 3381 προδοθείη
1550 3290 1585 3362 ὁ
1642 3291 1973 3364 εἰσελθών
2022 3294 2319 3383 στρατός.
2352 3247 2408 3365 τοι

342 3413 379 3464 2
405 3392 582 3482 πλὴν
630 3390 666 3463 ὁ
699 3391 1129 3483 Ἀλέξανδρος
1173 3394 1335 3482 μήτε
1378 3394 1501 3482 τὴν
1542 3395 1749 3468 νόσον
1807 3398 2037 3486 φέρων
2080 3398 2201 3466 καὶ
2248 3395 2324 3466 τὸ

403 3501 737 3582 πνιγῶδες
763 3502 886 3564 τοῦ
913 3491 1138 3585 ἀέρος,
1169 3502 1288 3566 τοῦ
1313 3523 1385 3568 τε
1424 3506 1714 3588 στρατοῦ
1748 3497 1997 3581 παντὸς
2028 3507 2328 3570 νοσοῦν-
