2475 3859
395 129 519 192 202
1184 133 1532 196 OI'AOON

394 305 600 393 λέμου
633 303 758 393 μὲν
805 303 1079 395 εἰρήνην
1119 309 1384 394 ἔχοντες
1418 302 1589 396 πρὸς
1625 301 1835 386 θεοὺς
1876 301 1994 388 οὓς
2036 302 2311 396 ὀμωμό-
2406 305 2415 364 3

395 434 585 494 κατε,
615 408 730 476 καὶ
755 413 888 478 νῦν
913 407 1373 497 φυλάσσοντες
1398 407 1517 478 τὸν
1559 407 2034 497 στρατιωτικὸν
2074 407 2307 502 ὅρκον,

394 505 470 591 ὅς
499 512 638 580 ἐστι
675 516 790 598 τῆς
817 507 1152 599 Ῥωμαίων
1188 509 1393 603 ἀρχῆς
1430 509 1679 601 σεμνὸν
1718 511 2101 602 μυστήριον.
2180 512 2309 601 χρὴ

396 612 474 683 δὲ
499 609 673 702 ὑμᾶς
697 615 812 682 καὶ
841 605 964 684 τοῦ
989 621 1230 685 λοιποῦ
1266 613 1381 685 διὰ
1418 611 1667 696 παντὸς
1704 613 1966 685 τούτων
2002 611 2310 685 ἀπολαύ-

397 743 530 804 ειν,
559 712 640 786 τὰ
683 713 884 786 πιστὰ
921 724 1289 807 τηροῦντας
1316 714 1657 806 Ῥωμαίοις
1694 744 1768 787 τε
1804 719 1918 787 καὶ
1956 717 2311 810 συγκλήτῳ
2336 745 2359 785 5

395 820 511 892 καὶ
537 815 1066 910 αὐτοκράτορσιν
1087 817 1271 909 ἡμῖν,
1286 816 1405 902 οὓς
1432 823 1497 904 ἐξ
1530 817 1871 908 εὐγενείας
1898 822 2011 890 καὶ
2038 828 2310 890 πολλῶν
2414 896 2416 926 1

396 920 856 1012 πράξεωνκαὶ
893 929 1148 1012 μακρᾶς
1197 928 1512 1012 διαδοχῆς
1546 919 1771 1013 ὥσπερ
1822 920 1969 992 κατ’
2020 919 2311 994 ἀκολου-
2414 929 2416 1000 ὲ

397 1032 566 1095 θίαν
607 1027 717 1096 ἐπὶ
751 1033 950 1096 τοῦτο
990 1023 1369 1115 ἀναβάντας
1403 1033 1755 1118 κρίναντες
1792 1021 1829 1096 ὁ
1870 1031 2075 1115 δῆμος
2116 1029 2233 1096 καὶ
2268 1023 2311 1114 ἡ

334 1137 370 1188 5
399 1127 768 1218 σύγκλητος
827 1130 1191 1211 ἐπελέξατο.
1310 1127 1395 1198 οὐ
1440 1126 1569 1219 γὰρ
1628 1127 1780 1211 ἑνὸς
1826 1125 2073 1218 ἀνδρὸς
2130 1135 2310 1200 ῖδιον

399 1237 614 1319 κτῆμα
639 1227 680 1320 ἡ
701 1228 892 1320 ἀρχή,
911 1228 1080 1302 ἀλλὰ
1105 1229 1341 1303 κοινὸν
1364 1238 1489 1302 τοῦ
1515 1228 1857 1321 Ῥωμαίων
1883 1230 2100 1320 δήμου
2126 1229 2307 1302 ἅνω-
2339 1259 2379 1299 ιο

397 1344 560 1420 θεν,
588 1335 702 1402 καὶ
731 1335 806 1402 ἐν
845 1337 1070 1424 ἐκείνῃ
1105 1341 1186 1424 τῇ
1213 1335 1407 1406 πόλει
1448 1330 1490 1424 ἦ
1522 1342 1639 1424 τῆς
1675 1341 2013 1425 βασιλείας
2040 1339 2307 1423 ἵδρυται

397 1435 595 1525 τύχη·
641 1432 830 1525 ἡμεῖς
857 1438 934 1508 δὲ
961 1443 1248 1508 διοικεῖν
1270 1441 1385 1509 καὶ
1414 1439 1673 1510 διέπειν
1698 1436 1781 1508 τὰ
1806 1444 1921 1526 τῆς
1948 1433 2154 1526 ἀρχῆς
2178 1437 2305 1508 σὺν

395 1535 562 1628 ὑμῖν
593 1541 1160 1632 ἐγκεχειρίσμεθα.
1223 1549 1435 1612 ταῦτα
1474 1540 1551 1610 δὲ
1586 1538 1729 1631 μετ’
1764 1537 2067 1624 εὐταξίας
2091 1567 2167 1610 τε
2195 1542 2309 1611 καὶ

395 1641 652 1732 κόσμου
677 1650 799 1714 τοῦ
825 1646 1210 1733 πρέποντος,
1238 1650 1475 1726 αἰδοῦς
1506 1671 1581 1714 τε
1605 1646 1721 1714 καὶ
1744 1651 1933 1732 τιμῆς
1962 1641 2131 1734 πρὸς
2154 1643 2307 1724 τοὺς
2410 1701 2417 1728 ,

395 1742 752 1835 ἄρχοντας,
793 1742 956 1836 ὑμῖν
995 1746 1120 1835 μὲν
1163 1743 1531 1837 εὐδαίμονα
1568 1749 1683 1818 καὶ
1722 1746 1993 1816 πάντων
2022 1743 2305 1834 ἀνενδεῆ
2338 1767 2376 1808 ¹5

397 1851 665 1938 παρέξει
700 1856 886 1938 βίον,
924 1865 1064 1931 τοῖς
1107 1846 1175 1920 δ’
1219 1847 1447 1932 ἄλλοις
1482 1857 1687 1921 πᾶσιν
1724 1846 2113 1939 ἀνθρώποις
2144 1848 2305 1920 κατά

396 1979 468 2022 τε
497 1959 669 2041 ἔθνη
699 1952 1006 2023 καὶκατὰ
1029 1951 1257 2034 πόλεις
1285 1953 1561 2042 εἰρήνην
1584 1954 1698 2022 καὶ
1724 1950 1889 2044 πρὸς
1912 1951 2071 2034 τοὺς
2094 1949 2305 2042 ἡγου-
2416 2003 2418 2052 2

395 2056 640 2144 μένους
663 2054 902 2126 πειθώ.
965 2054 1305 2145 βιώσεσθέ
1328 2085 1399 2126 τε
1426 2058 1541 2126 καὶ
1567 2053 1735 2126 κατὰ
1759 2053 2033 2145 γνώμην
2068 2059 2147 2126 έν
2172 2071 2306 2136 τοῖς

337 2174 373 2228 6
404 2165 674 2240 οἰκείοις
691 2209 711 2246 ,
739 2155 866 2228 οὐκ
893 2160 968 2229 έν
995 2155 1339 2249 ἀλλοδαπῇ
1358 2166 1927 2240 κακοπαθοῦντες.
2030 2155 2205 2250 ὑπὲρ
2232 2159 2305 2230 δὲ

397 2267 518 2330 τοῦ
545 2262 660 2332 καὶ
685 2258 766 2330 τά
803 2260 1112 2352 βάρβαρα
1149 2258 1503 2350 ἡσυχάζειν
1542 2269 1711 2352 ἔθνη
1726 2314 1745 2350 ,
1790 2260 1907 2331 διὰ
1946 2269 2304 2351 φροντίδος
2330 2288 2379 2328 ω
2416 2273 2419 2302 ·

395 2359 584 2452 ἡμεῖς
609 2366 860 2453 ἕξομεν.
915 2363 1043 2434 δύο
1085 2364 1210 2454 μὲν
1246 2363 1375 2455 γὰρ
1414 2362 1634 2436 ὄντων
1662 2366 1992 2455 βασιλέων
2019 2360 2306 2456 εὐμαρέ-

396 2489 637 2555 στερον
679 2467 794 2534 καὶ
825 2464 910 2536 τὰ
945 2470 1022 2536 ἐν
1059 2473 1140 2557 τῇ
1174 2463 1387 2558 Ῥώμῃ
1414 2468 1822 2558 διοικήσεται
1846 2469 1961 2538 καὶ
2000 2479 2069 2539 εἰ
2102 2497 2173 2539 τι
2200 2471 2303 2540 ἐπὶ

395 2575 512 2656 τῆς
539 2565 918 2657 ἀλλοδαπῆς
943 2573 1227 2658 ἐπείγοι,
1258 2571 1425 2661 πρὸς
1450 2569 1573 2660 τὴν
1597 2578 1829 2661 χρείαν
1854 2566 1967 2642 ἀεί
1992 2599 2113 2645 του
2140 2569 2306 2660 πρὸς
2414 2583 2419 2612 ⁴

395 2670 478 2742 τά
507 2679 842 2742 καλοῦντα
869 2674 1117 2763 ῥᾳδίως
1143 2674 1491 2764 παρόντος.
1523 2676 1697 2764 μηδέ
1718 2702 1815 2756 τις
1832 2669 2026 2762 ὑμῶν
2057 2677 2305 2745 οἰέσθω

395 2781 534 2845 τῶν
559 2777 1048 2867 πεπραγμένων
1077 2774 1259 2847 εἶναί
1290 2806 1441 2849 τινα
1466 2777 1763 2867 μνήμην,
1794 2786 1926 2848 εἴτε
1952 2773 2081 2868 ὑφ’
2112 2773 2303 2867 ἡμῶν
2334 2801 2378 2840 2⁷·

395 2877 825 2962 (ἐκελεύεσθε
872 2877 1032 2969 γάρ)
1081 2887 1214 2950 εἴτε
1252 2877 1387 2950 ὑπὸ
1438 2877 1777 2969 Ῥωμαίων
1818 2874 1864 2967 ἦ
1902 2887 2039 2951 τῶν
2082 2877 2305 2951 ἄλλων

395 2982 656 3070 ἐθνῶν,
700 2989 772 3051 οἳ
809 2977 1245 3072 ἀδικούμενοι
1290 2979 1665 3072 ἀπέστησαν
1686 3005 1699 3022 ·
1756 2979 1924 3052 ἀλλὰ
1962 2981 2091 3074 γὰρ
2136 2990 2303 3054 ἒστω

379 3083 668 3154 ,πάντων
697 3079 1026 3174 ἀμνηστία
1040 3138 1060 3173 ,
1089 3087 1204 3156 καὶ
1240 3088 1527 3157 σπονδαὶ
1570 3093 1799 3176 φιλίας
1827 3092 2107 3177 βεβαίου
2122 3139 2143 3173 ,
2188 3083 2305 3158 εὐ·-
2417 3131 2418 3146 1

394 3193 584 3267 νοίας
607 3212 682 3256 τε
705 3189 820 3256 καὶ
846 3184 1445 3276 εὖκοσμίαςπίστις
1468 3185 1793 3271 ultimos?

334 3307 366 3363 7
597 3286 876 3358 τοιαῦτά
917 3317 1065 3360 τινα
1109 3287 1319 3360 εἰπών
1358 3287 1395 3359 ὁ
1434 3291 1771 3382 Μάξιμος,
1808 3289 2017 3380 νομάς
2044 3315 2117 3360 τε
2140 3317 2307 3379 χρη-
2334 3319 2383 3360 ει

397 3388 624 3477 μάτων
648 3391 1167 3480 μεγαλοφρόνως
1181 3389 1413 3473 αὐτοῖς
1440 3396 1853 3484 ἐπαγγείλας,
1868 3390 2117 3483 ὀλίγων
2140 3389 2307 3482 ἡμε-

397 3495 538 3576 ρῶν
563 3495 914 3582 διατρίψας
927 3494 1004 3563 ἐν
1027 3500 1110 3583 τῇ
1141 3491 1459 3590 Ἀκυληίᾳ
1470 3495 1596 3586 τὴν
1606 3501 1672 3581 ἐς
1700 3494 1953 3587 Ῥώμην
1978 3495 2307 3568 ἐπάνοδον
