2475 3859
539 110 656 171 110
1069 92 1089 101 ’
1154 146 1166 159 .
1272 108 1711 170 ΤΕΤΑΡΤΟΝ

535 280 906 369 λεξάμενος.
963 280 1283 362 πολλάκις
1310 282 1387 351 δὲ
1412 282 1527 349 καὶ
1558 278 1683 368 τὴν
1713 278 2079 369 Ῥωμαϊκὴν
2106 276 2445 367 ἀποθέμε-

535 413 651 467 νος
677 384 984 473 χλαμύδα
1008 381 1425 473 ἠμφιέννυτο
1452 382 1533 453 τὰ
1556 390 1925 473 Γερμανῶν
1965 382 2442 472 περιβλήματα,

535 497 612 559 ἔν
641 517 710 558 τε
738 486 1066 578 χλαμύσιν
1093 483 1198 569 αἷς
1224 488 1571 574 είῶθασιν,
1592 483 1869 581 ἀργύρῳ
1886 488 2440 574 πεποικιλμέναις,

536 595 790 681 ἑωρᾶτο
806 614 822 629 ·
853 591 1061 679 κόμας
1087 618 1159 661 τε
1184 598 1265 681 τῇ
1292 597 1551 681 κεφαλῇ
1580 594 1925 661 ἐπετίθετο
1961 588 2215 674 ξανθὰς
2241 592 2361 658 καὶ
2386 592 2443 669 ἐς

470 713 506 763 4
537 693 794 782 κουρὰν
819 693 941 781 τὴν
970 700 1341 784 Γερμανῶν
1376 691 1769 783 ἠσκημένας.
1872 693 2135 773 τούτοις
2175 690 2265 779 δὴ
2305 700 2475 779 χαί-Ξ

536 825 766 885 ροντες
791 802 861 865 οἱ
889 797 1218 888 βάρβαροι
1256 794 1711 888 ὑπερηγάπων
1741 793 1969 868 αὐτόν.
2076 803 2350 883 ἔχαιρον
2376 795 2441 863 δὲ

535 898 717 994 αὐτῷ
763 903 876 969 καὶ
905 905 976 969 οἰ
1001 898 1340 990 Ῥωμαίων
1380 909 1805 991 στρατιῶται,
1847 900 2127 988 μάλιστα
2163 899 2293 987 μὲν
2338 895 2438 967 διὰ

533 1002 648 1084 τὰς
675 1010 812 1073 τῶν
842 1004 1196 1092 χρημάτων
1236 1003 1595 1091 ἐπιδόσεις,
1638 999 1745 1084 αἶς
1782 1000 2077 1092 ἀφειδῶς
2112 1004 2437 1089 προσεφέ-

535 1134 688 1193 ρετο
717 1102 977 1193 αὐτοῖς,
1007 1102 1110 1177 ὅτι
1135 1135 1208 1177 τε
1235 1114 1372 1177 πᾶν
1402 1103 1491 1187 ῶς
1515 1106 1917 1197 στρατιώτης
1944 1114 2285 1196 ἔπραττεν,
2316 1116 2437 1173 εἴτε

535 1208 799 1300 ὅρυγμά
831 1238 894 1278 τι
921 1206 1230 1298 ὀρύττειν
1260 1216 1431 1298 ἔδει,
1472 1210 1783 1280 σκάπτων
1816 1217 2105 1299 πρῶτος,
2143 1218 2279 1277 εἴτε
2306 1213 2435 1296 ρἐῖ-
2463 1214 2473 1252 ¹

539 1324 714 1401 θρον
741 1319 1134 1436 γεφυρῶσαι
1159 1309 1203 1401 ἢ
1229 1314 1445 1402 βάθος
1470 1320 1710 1401 χῶσαι·
1749 1320 1883 1382 πᾶν
1909 1310 1991 1381 θ’
2036 1308 2075 1381 ὃ
2114 1317 2359 1399 χειρῶν
2396 1306 2437 1397 ἢ

479 1440 510 1487 5
541 1416 838 1504 καμάτου
863 1416 1160 1504 σώματος
1187 1424 1417 1505 ἔργον,
1448 1423 1706 1505 πρῶτος
1732 1417 2081 1504 εἰργάζετο.
2123 1413 2435 1503 τράπεζάν

536 1548 606 1589 τε
647 1516 880 1606 εὐτελῆ
921 1527 1358 1609 παρετίθετο,
1400 1517 1553 1590 ἔσθ’
1586 1546 1719 1609 οπῃ
1758 1522 1869 1588 καὶ
1896 1523 2187 1601 ξυλίνοις
2226 1520 2293 1597 ἐς
2318 1544 2434 1587 πο-

534 1621 650 1692 τὸν
677 1624 790 1691 καὶ
818 1624 1138 1711 ἐδέσματα
1176 1622 1513 1710 χρώμενος
1538 1622 1869 1692 σκεύεσιν.
1910 1620 2112 1711 άρτον
2137 1648 2207 1689 τε
2235 1641 2435 1708 προσ-

535 1728 811 1816 εφέρετο
861 1723 1321 1814 αὐτοσχεΜδιον
1390 1740 1577 1795 σῖτον
1624 1754 1753 1813 γαρ
1798 1722 2037 1806 άλέσας
2076 1731 2155 1814 τῇ
2200 1726 2475 1793 ἑαυτοῦ1

535 1837 739 1919 χειρί,
770 1824 809 1897 ὃ
846 1826 1038 1918 ἤρκει
1079 1830 1295 1922 μόνω,
1338 1828 1547 1918 μᾶζάν
1584 1857 1657 1899 τε
1700 1828 1978 1917 ποιήσας
2018 1830 2132 1899 καὶ
2170 1824 2275 1897 ἐπ’
2320 1823 2435 1896 ἆν-

473 1960 506 2013 6
536 1933 814 2023 θράκων
841 1930 1129 2021 ὀπτήσας
1161 1937 1455 2003 ἐσιτεῖτο.
1559 1935 1670 2003 καὶ
1700 1931 1969 2001 πάντων
1997 1933 2120 2021 μὲν
2155 1938 2291 1999 τῶν
2316 1956 2435 1999 πο·-

533 2043 834 2106 λυτελῶν
863 2033 1166 2125 ἀπείχετο
1184 2059 1198 2073 ·
1233 2033 1358 2106 ὅσα
1387 2036 1463 2105 δὲ
1490 2033 1919 2107 εὐτελέστατα
1944 2038 2057 2105 καὶ
2082 2050 2217 2114 τοῖς
2242 2060 2435 2102 πενε-

534 2140 794 2219 στάτοις
818 2146 954 2209 τῶν
973 2148 1395 2228 στρατιωτῶν
1423 2137 1713 2227 εὐμαρῆ,
1740 2138 1999 2218 τούτοις
2026 2141 2276 2226 ἐχρῆτο.
2316 2161 2436 2205 συ-

535 2240 944 2331 στρατιώτης·
966 2270 1035 2311 τε
1063 2239 1176 2311 ὑπ’
1211 2239 1439 2311 αὐτῶν
1465 2250 1719 2329 μᾶλλον
1757 2236 1800 2329 ἦ
1839 2238 2154 2330 βασιλεὺς
2190 2239 2434 2309 καλού-
2466 2264 2475 2295 :

534 2372 734 2433 μενος
786 2352 1044 2431 χαίρειν
1097 2361 1575 2433 προσεποιεῖτο.
1640 2344 1721 2415 τὰ
1773 2344 2045 2415 πλεῖστά
2095 2370 2166 2413 τε
2214 2339 2441 2422 αὐτοῖς

535 2447 882 2518 συνῶδευε
909 2454 1313 2535 περιπατῶν,
1334 2455 1629 2530 σπανίως
1656 2444 1976 2536 ὀχήματος
2000 2443 2045 2535 ἦ
2070 2452 2279 2517 ἵππου
2294 2448 2443 2514 ἐπι-

475 2575 506 2631 7
540 2556 831 2639 βαίνων,
871 2549 950 2618 τά
990 2577 1061 2618 τε
1099 2546 1272 2620 ὅπλα
1317 2551 1659 2639 βαστάζων
1708 2554 1943 2643 ἑαυτῷ.
2046 2556 2185 2619 ἔστι
2222 2544 2288 2617 δ’
2337 2544 2445 2617 ὅτε

533 2657 646 2723 καὶ
672 2652 752 2723 τὰ
779 2659 914 2722 τῶν
951 2657 1416 2742 στρατοπέδων
1458 2656 1791 2744 σύμβολα,
1822 2653 2103 2741 ἐπιμήκη
2142 2647 2305 2721 ὄντα
2335 2653 2446 2720 καὶ

534 2772 801 2845 χρυσοῖς
829 2752 1212 2845 ἀναθήμασι
1240 2767 1507 2839 πολλοῖς
1546 2758 2036 2845 κεκοσμημένα,
2078 2754 2269 2844 μόλις
2304 2750 2439 2822 ὑπὸ
2471 2777 2475 2812 ⁴,

534 2868 671 2931 τῶν·
696 2859 1183 2949 γενναιοτάτων
1209 2869 1631 2951 στρατιωτῶν
1657 2860 1995 2949 φερόμενα
2024 2859 2285 2938 ἐπιθεὶς
2310 2873 2447 2937 τοῖς

536 2960 738 3052 ῶμοις
779 2968 1021 3050 ἔφερεν
1063 2961 1280 3044 αὐτός.
1376 2961 1486 3033 διὰ
1525 2962 1609 3051 δὴ
1660 2970 1867 3033 ταῦτα
1902 2964 2016 3031 καὶ
2070 2960 2149 3031 τὰ
2186 2959 2447 3039 τούτοις

536 3064 731 3154 ὅμοια
771 3061 860 3146 ῶς
904 3064 1372 3155 στρατιωτικὸς
1415 3062 1537 3135 ὑπ’
1590 3062 1817 3135 αὐτῶν
1861 3069 2151 3154 ἐφιλεῖτο
2193 3065 2311 3133 καὶ
2358 3058 2446 3141 ῶς

534 3183 839 3256 γενναῖος
867 3170 1306 3257 ἐθαυμάζετο·
1336 3171 1449 3239 καὶ
1476 3167 1604 3258 γὰρ
1648 3158 1735 3257 ἦν
1772 3169 2117 3257 θαύματος
2155 3163 2349 3249 ἄξιον
2374 3170 2445 3233 ἐν

532 3277 746 3363 μικρῷ
771 3268 954 3339 πάνυ
971 3268 1044 3339 τὸ
1065 3274 1352 3360 μέγεθος
1370 3271 1622 3361 σῶματι
1640 3279 1975 3359 γενναίων
1991 3270 2221 3340 πόνων
2238 3266 2440 3355 ἅσκη·
2470 3299 2475 3334 :

532 3396 635 3455 σις
662 3371 968 3459 τοσαύτη.

471 3469 508 3528 8
737 3474 880 3543 ἐπεὶ
907 3473 982 3543 δὲ
1013 3472 1092 3542 τὰ
1120 3473 1299 3564 παρὰ
1324 3483 1415 3568 τῷ
1432 3469 1667 3567 Ἴστρῳ
1695 3475 2105 3564 στρατόπεδα
2131 3470 2444 3565 διῴκησε,
