2475 3859
848 174 1287 236 ΠΕΜΠΤΟΝ
1896 174 2007 235 131

94 353 464 437 βασιλείοις
497 342 636 415 ’σὺν
687 351 767 435 τῇ
819 342 1081 437 ἀδελφῇ
1123 348 1475 436 διέτριβεν.
1562 342 1729 436 ὅπερ
1767 349 2011 417 ἐκεῖνοι

96 449 552 535 ἀκούσαντες,
585 463 732 529 τοῖς
773 448 1291 537 συστρατιώταις
1332 445 1478 519 κατ’
1526 444 1757 539 ὀλίγον
1796 446 2015 540 ἀπαγ-

93 544 450 643 γέλλοντες
477 550 836 639 διαβόητον
863 554 1183 641 ἐποίησαν
1209 550 1332 642 τὴν
1360 552 1621 641 φήμην,
1658 548 1747 635 ὥς
1786 557 1853 635 ἐς
1880 560 2015 623 πᾶν

93 663 397 787 χωρῆσαι
423 653 498 725 τὸ
525 654 1020 743 στρατιωτικόν.
1123 662 1204 765 τῆ
1231 655 1308 725 δὲ
1322 663 1559 746 Μαίσῃ
1590 658 1847 745 ἐλέγετο
1876 677 2013 726 σω-
2050 676 2114 728 11

31 786 60 824 5
96 757 270 849 ροὺς
305 758 476 831 ειναι
513 756 904 881 χρημάτων,
950 724 1216 847 έκείνήν
1256 759 1332 828 δε
1370 761 1646 845 ἑτοίμως
1684 755 1877 829 πάντ’
1928 788 2027 829 αν·

93 864 432 948 προέσθαι
455 876 593 940 τοῖς
620 860 1076 949 στρατιώταις,
1107 867 1172 930 εἰ
1195 859 1320 949 τὴν
1345 868 1693 950 βασιλείαν
1718 870 1813 955 τῷ
1834 864 2013 951 γένει

93 962 576 1035 ἀνανεώσαιτο.
607 958 696 1044 ὥς
724 963 799 1033 δὲ
818 966 1187 1034 συνέθεντο
1213 963 1502 1054 νύκτωρ,
1534 971 1597 1033 εί
1622 968 2013 1035 κατέλθοιεν
2108 1037 2116 1045 ,

93 1068 457 1155 λαθόντες,
503 1064 796 1148 ἀνοίξειν
833 1063 949 1147 τὰς
991 1066 1204 1148 πύλας
1242 1069 1355 1136 καὶ
1400 1068 1711 1149 δέξεσθαι
1750 1074 1885 1139 πᾶν
1936 1068 2010 1138 τὸ

94 1174 294 1260 γένος
325 1176 524 1240 ἔνδον
549 1172 823 1259 βασιλέα
853 1196 924 1238 τε
951 1171 1066 1238 καὶ
1092 1167 1248 1239 υἱὸν
1286 1167 1667 1253 ἀποδείξειν
1697 1168 2010 1241 Ἀντωνί-

13 1303 62 1343 ιο
93 1302 264 1361 νου,
295 1276 634 1344 ἐπέδωκεν
668 1270 920 1361 ἑαυτὴν
958 1269 1000 1360 ἡ
1043 1280 1436 1363 πρεσβῦτις,
1480 1276 1760 1362 ἑλομένη
1796 1274 2009 1367 ποξντα

95 1382 431 1447 κίνδυνον
457 1374 822 1463 ἀναρρῖψαι
851 1382 1105 1462 μᾶλλον
1131 1372 1176 1464 ἦ
1213 1373 1589 1446 ἰδιωτεύειν
1630 1379 1743 1446 καὶ
1784 1383 2009 1447 δοκεῖν

93 1477 524 1569 ἀπερρῖφθαι
541 1502 558 1516 “
597 1478 863 1565 νύκτωρ
896 1506 967 1547 τε
993 1478 1218 1569 λάθρᾳ
1244 1485 1358 1567 τῆς
1387 1480 1642 1560 πόλεως
1670 1476 2005 1567 ὑπεξῆλθε

95 1580 232 1652 συν
275 1598 418 1663 ταῖς
443 1581 820 1671 θυγατράσι
867 1583 981 1649 καὶ
1017 1597 1154 1662 τοῖς
1200 1582 1521 1669 ἐγγόνοις.
1587 1584 2003 1673 καταγαγόν-
2040 1597 2106 1648 12

93 1714 234 1755 των
263 1714 334 1755 τε
359 1682 606 1765 αὐτοὺς
633 1691 768 1754 τῶν
795 1684 1335 1773 πρμοσφυγόντων
1357 1692 1783 1773 στρατιωτῶν
1808 1687 2007 1774 γενόυ

13 1814 60 1853 15
94 1816 292 1877 μενοι
319 1785 486 1879 πρὸς
517 1793 606 1879 τῷ
636 1794 836 1874 τείχει
875 1794 994 1857 τοῦ
1029 1789 1479 1876 στρατοπέδου
1516 1791 1724 1881 ῥᾷστα
1761 1785 2007 1858 ὑπεδέ-

91 1903 360 1980 χθησαν
373 1914 388 1929 ·
421 1889 680 1969 εὐθέως
696 1918 768 1959 τε
787 1887 905 1958 τὸν
921 1895 1126 1959 παῖδα
1145 1897 1281 1960 πᾶν
1299 1888 1370 1960 τὸ
1386 1890 1835 1980 στρατόπεδον
1856 1888 2005 1960 Ἀν-

91 2008 383 2065 τωνῖνον
435 1993 1019 2084 προσηγόρευσαν,
1071 2000 1151 2083 τῇ
1205 2020 1279 2062 τε
1314 2000 1633 2085 πορφυρᾷ
1674 1994 2007 2083 χλαμύδιι.
2031 2021 2101 2056 m
2128 1999 2134 2013 '

91 2097 570 2187 περιβαλόντες
597 2094 778 2183 εἶχον
805 2102 1022 2166 ἔνδον.
1077 2096 1294 2165 πάντα
1322 2098 1398 2167 δὲ
1424 2095 1504 2166 τὰ
1530 2098 1865 2186 ἐπιτήδεια
1892 2099 2005 2167 καὶ

94 2206 341 2281 παῖδας
368 2202 480 2269 καὶ
499 2214 840 2287 γυναῖκας,
872 2196 994 2269 ὅσα
1022 2227 1093 2268 τε
1121 2198 1301 2287 εἶχον
1326 2202 1402 2269 ἐν
1427 2200 1677 2288 κώμαις
1702 2195 1747 2289 ἦ
1774 2196 2003 2288 ἀγροῖς

7 2330 60 2369 2⁰
95 2318 240 2385 τοῖς
265 2310 584 2392 πλησίον,
617 2306 1140 2390 εἰσκομίσαντες,
1175 2302 1290 2383 τάς
1327 2330 1399 2371 τε
1438 2303 1653 2383 πύλας
1692 2300 2003 2374 ἀποκλεί-

86 2424 362 2492 σαντες,
402 2404 894 2497 παρεσκεύαζον
933 2408 1214 2487 ἑαυτούς
1256 2402 1375 2494 ὥς,
1435 2412 1498 2476 εἰ
1535 2409 1707 2495 δέοι,
1750 2402 2003 2495 ὑπομε-

85 2517 370 2589 νοῦντες
395 2514 804 2595 πολιορκίαν.

295 2608 384 2693 ὥς
409 2610 718 2680 δὲταῦτα
753 2606 1090 2699 ἀπηγγέλη
1131 2617 1223 2704 τῷ
1259 2617 1593 2703 Μακρίνω
1634 2614 1707 2681 ἐν
1744 2608 1995 2681 Ἀντιο-
2019 2620 2056 2676 4

84 2720 240 2807 χείᾳ
267 2719 710 2804 διατρίβοντι,
739 2709 784 2802 ἦ
811 2740 883 2782 τε
909 2712 1096 2802 φήμη
1131 2714 1490 2801 διέδραμεν
1526 2710 1657 2783 ἀνὰ
1681 2711 1763 2783 τὰ
1798 2712 1999 2783 λοιπὰ

0 2850 55 2890 25
89 2817 512 2906 στρατόπεδα
539 2814 640 2888 ὅτι
667 2844 737 2885 τε
769 2812 1172 2885 Ἀντωνίνου
1207 2812 1355 2895 υίὸς
1396 2811 1647 2905 εὑρέθη
1676 2817 1789 2885 καὶ
1822 2812 1993 2903 ὅτιὴ

76 2916 366 3001 Ἰουλίας
395 2916 652 3009 ἀδελφὴ
679 2918 974 3010 χρήματα
1009 2924 1246 2988 δίδωσι
1262 2968 1283 3005 ,
1312 2917 1527 2987 πάντα
1552 2915 1636 2987 τὰ
1672 2918 1995 3008 λεγόμενα

88 3025 210 3093 καὶ
263 3023 664 3112 ἐνδεχόμενα
711 3024 824 3092 καὶ
866 3017 1088 3111 ἀληθῆ
1141 3015 1611 3102 πιστεύσαντες
1656 3020 1828 3091 εἶναι
1879 3019 1995 3103 τὰς

83 3123 311 3215 ψυχὰς
335 3126 743 3215 ἐξεπτόηντο.
848 3128 1046 3214 ἐνῆγε
1084 3120 1149 3195 δ’
1193 3120 1440 3203 αὐτοὺς
1481 3124 1593 3194 καὶ
1633 3119 1991 3195 ἀνέπειθεν
2019 3145 2053 3197 2

85 3232 160 3311 ἐς
187 3228 594 3319 πραγμάτων
617 3235 1050 3317 καινοτομίαν
1073 3227 1148 3298 τό
1176 3255 1247 3297 τε
1274 3232 1636 3316 Μακρίνου
1662 3242 1849 3316 μῖσος
1882 3230 1995 3297 καὶ

0 3356 52 3397 ιο
83 3330 168 3402 τὸ
198 3328 604 3403 Ἀντωνίνον
629 3340 744 3421 τῆς
768 3330 1026 3420 μνήμης
1049 3329 1301 3417 πάθος,
1342 3332 1454 3399 καὶ
1491 3330 1622 3421 πρό
1663 3358 1741 3420 γε
1781 3327 1995 3401 ἁπάν-

85 3462 230 3507 των
257 3432 302 3524 ἡ
329 3442 466 3506 τῶν
491 3436 846 3525 χρημάτων
871 3436 1087 3521 ἐλπίς,
1119 3431 1208 3516 ὥς
1235 3431 1523 3514 πολλοὺς
1548 3436 1660 3503 καὶ
1704 3431 1991 3522 αὐτομο-

35 3616 50 3627 .
85 3546 378 3619 λοῦντας
411 3545 656 3628 φοιτᾶν
687 3535 854 3629 πρὸς
879 3536 996 3608 τὸν
1021 3540 1178 3609 νέον
1207 3534 1628 3607 Ἀντωνῖνον.
1659 3534 1699 3609 ’ὁ
1730 3538 1805 3609 δὲ
1833 3546 1992 3607 Μα-

1592 3654 1630 3715 9
1646 3656 1681 3695 »ι
