<?xml version="1.0" encoding="UTF-8"?>
<!DOCTYPE html PUBLIC "-//W3C//DTD XHTML 1.0 Transitional//EN"
    "http://www.w3.org/TR/xhtml1/DTD/xhtml1-transitional.dtd">
<html xmlns="http://www.w3.org/1999/xhtml" xml:lang="en" lang="en">
 <head>
  <title>
</title>
<meta http-equiv="Content-Type" content="text/html;charset=utf-8" />
  <meta name='ocr-system' content='tesseract 3.04.00' />
  <meta name='ocr-capabilities' content='ocr_page ocr_carea ocr_par ocr_line ocrx_word'/>
</head>
<body>
  <div class='ocr_page' id='page_1' title='image "./herodianiabexce00bekkgoog_0069.png"; bbox 0 0 2475 3859; ppageno 0'>
   <div class='ocr_carea' id='block_1_1' title="bbox 831 116 2004 179">
    <p class='ocr_par' dir='ltr' id='par_1_1' title="bbox 831 116 2004 179">
     <span class='ocr_line' id='line_1_1' title="bbox 831 116 2004 179; baseline 0.004 -5"><span class='ocrx_word' id='word_1_1' title='bbox 831 116 1277 178; x_wconf 78' lang='lat' dir='ltr'><em>AEYTEPON</em></span> <span class='ocrx_word' id='word_1_2' title='bbox 1923 118 2004 179; x_wconf 83' lang='lat'><strong><em>57</em></strong></span> 
     </span>
    </p>
   </div>
   <div class='ocr_carea' id='block_1_2' title="bbox 7 281 2065 3571">
    <p class='ocr_par' dir='ltr' id='par_1_2' title="bbox 7 281 2065 3571">
     <span class='ocr_line' id='line_1_2' title="bbox 91 281 2005 381; baseline 0.002 -25"><span class='ocrx_word' id='word_1_3' title='bbox 91 288 222 377; x_wconf 76' lang='grc' dir='ltr'><strong><em>μὲν</em></strong></span> <span class='ocrx_word' id='word_1_4' title='bbox 275 282 428 356; x_wconf 81' lang='grc' dir='ltr'><strong><em>οὐδ’</em></strong></span> <span class='ocrx_word' id='word_1_5' title='bbox 485 282 718 356; x_wconf 73' lang='grc' dir='ltr'><strong><em>ἄλλοτε</em></strong></span> <span class='ocrx_word' id='word_1_6' title='bbox 773 281 1345 381; x_wconf 75' lang='grc' dir='ltr'><strong><em>ἄντιποιησαμένῳ</em></strong></span> <span class='ocrx_word' id='word_1_7' title='bbox 1393 287 1698 378; x_wconf 77' lang='grc' dir='ltr'><strong><em>τοιαύτης</em></strong></span> <span class='ocrx_word' id='word_1_8' title='bbox 1740 292 2005 374; x_wconf 77' lang='grc' dir='ltr'><strong><em>ἐλπίδος</em></strong></span> 
     </span>
     <span class='ocr_line' id='line_1_3' title="bbox 93 387 2001 482; baseline 0.002 -23"><span class='ocrx_word' id='word_1_9' title='bbox 93 397 268 475; x_wconf 78' lang='grc' dir='ltr'><strong><em>(ἴστε</em></strong></span> <span class='ocrx_word' id='word_1_10' title='bbox 294 389 421 479; x_wconf 89' lang='grc' dir='ltr'><strong><em>γάρ</em></strong></span> <span class='ocrx_word' id='word_1_11' title='bbox 449 417 580 478; x_wconf 89' lang='grc' dir='ltr'><strong><em>μου</em></strong></span> <span class='ocrx_word' id='word_1_12' title='bbox 597 387 670 459; x_wconf 81' lang='grc' dir='ltr'><strong><em>τὸ</em></strong></span> <span class='ocrx_word' id='word_1_13' title='bbox 699 387 866 481; x_wconf 89' lang='grc' dir='ltr'><strong><em>πρὸς</em></strong></span> <span class='ocrx_word' id='word_1_14' title='bbox 881 389 1039 471; x_wconf 77' lang='grc' dir='ltr'><strong><em>τοὺς</em></strong></span> <span class='ocrx_word' id='word_1_15' title='bbox 1053 392 1575 480; x_wconf 79' lang='grc' dir='ltr'><strong><em>βασιλεύσαντας</em></strong></span> <span class='ocrx_word' id='word_1_16' title='bbox 1593 389 2001 482; x_wconf 77' lang='grc' dir='ltr'><strong><em>πειθήνιον),</em></strong></span> 
     </span>
     <span class='ocr_line' id='line_1_4' title="bbox 91 489 2000 584; baseline 0.001 -21"><span class='ocrx_word' id='word_1_17' title='bbox 91 500 232 563; x_wconf 82' lang='grc' dir='ltr'><strong><em>νῦν</em></strong></span> <span class='ocrx_word' id='word_1_18' title='bbox 257 492 332 562; x_wconf 71' lang='grc' dir='ltr'><strong><em>δὲ</em></strong></span> <span class='ocrx_word' id='word_1_19' title='bbox 359 494 468 562; x_wconf 80' lang='grc' dir='ltr'><strong><em>ἐπὶ</em></strong></span> <span class='ocrx_word' id='word_1_20' title='bbox 494 492 677 573; x_wconf 80' lang='grc' dir='ltr'><strong><em>τέλος</em></strong></span> <span class='ocrx_word' id='word_1_21' title='bbox 717 519 790 562; x_wconf 90' lang='grc' dir='ltr'><strong><em>τε</em></strong></span> <span class='ocrx_word' id='word_1_22' title='bbox 832 489 1108 581; x_wconf 79' lang='grc' dir='ltr'><strong><em>ἀγαγεῖν</em></strong></span> <span class='ocrx_word' id='word_1_23' title='bbox 1145 497 1258 564; x_wconf 84' lang='grc' dir='ltr'><strong><em>καὶ</em></strong></span> <span class='ocrx_word' id='word_1_24' title='bbox 1298 491 1543 565; x_wconf 84' lang='grc' dir='ltr'><strong><em>άνύσαι</em></strong></span> <span class='ocrx_word' id='word_1_25' title='bbox 1584 502 1789 565; x_wconf 81' lang='grc' dir='ltr'><strong><em>ταῦτα</em></strong></span> <span class='ocrx_word' id='word_1_26' title='bbox 1831 493 2000 584; x_wconf 79' lang='grc' dir='ltr'><strong><em>ἅπερ</em></strong></span> 
     </span>
     <span class='ocr_line' id='line_1_5' title="bbox 89 593 1999 689; baseline 0.002 -23"><span class='ocrx_word' id='word_1_27' title='bbox 89 593 263 685; x_wconf 80' lang='grc' dir='ltr'><strong><em>ὑμῖν</em></strong></span> <span class='ocrx_word' id='word_1_28' title='bbox 305 598 444 665; x_wconf 78' lang='grc' dir='ltr'><strong><em>ἐστὶ</em></strong></span> <span class='ocrx_word' id='word_1_29' title='bbox 487 599 956 686; x_wconf 78' lang='grc' dir='ltr'><strong><em>κεχαρισμένα,</em></strong></span> <span class='ocrx_word' id='word_1_30' title='bbox 1012 597 1133 686; x_wconf 90' lang='grc' dir='ltr'><strong><em>τήν</em></strong></span> <span class='ocrx_word' id='word_1_31' title='bbox 1187 624 1259 667; x_wconf 85' lang='grc' dir='ltr'><strong><em>τε</em></strong></span> <span class='ocrx_word' id='word_1_32' title='bbox 1287 594 1623 687; x_wconf 85' lang='grc' dir='ltr'><strong><em>Ῥωμαίων</em></strong></span> <span class='ocrx_word' id='word_1_33' title='bbox 1660 595 1870 688; x_wconf 78' lang='grc' dir='ltr'><strong><em>ἀρχὴν</em></strong></span> <span class='ocrx_word' id='word_1_34' title='bbox 1909 598 1999 689; x_wconf 79' lang='grc' dir='ltr'><strong><em>μὴ</em></strong></span> 
     </span>
     <span class='ocr_line' id='line_1_6' title="bbox 27 696 2065 793; baseline 0 -21"><span class='ocrx_word' id='word_1_35' title='bbox 27 732 54 772; x_wconf 76' lang='grc' dir='ltr'><strong><em>ες</em></strong></span> <span class='ocrx_word' id='word_1_36' title='bbox 91 703 428 789; x_wconf 75' lang='grc' dir='ltr'><strong><em>περιιδεῖν</em></strong></span> <span class='ocrx_word' id='word_1_37' title='bbox 454 700 887 788; x_wconf 75' lang='grc' dir='ltr'><strong><em>ἐρριμμένην,</em></strong></span> <span class='ocrx_word' id='word_1_38' title='bbox 915 696 963 788; x_wconf 78' lang='grc' dir='ltr'><em>ἢ</em></span> <span class='ocrx_word' id='word_1_39' title='bbox 989 700 1314 791; x_wconf 88' lang='grc' dir='ltr'><strong><em>πρότερον</em></strong></span> <span class='ocrx_word' id='word_1_40' title='bbox 1340 700 1465 789; x_wconf 76' lang='grc' dir='ltr'><strong><em>μὲν</em></strong></span> <span class='ocrx_word' id='word_1_41' title='bbox 1488 704 1678 793; x_wconf 88' lang='grc' dir='ltr'><strong><em>μέχρι</em></strong></span> <span class='ocrx_word' id='word_1_42' title='bbox 1706 702 1997 792; x_wconf 89' lang='grc' dir='ltr'><strong><em>Μάρκου</em></strong></span> <span class='ocrx_word' id='word_1_43' title='bbox 2026 724 2065 777; x_wconf 79' lang='lat'><strong>3</strong></span> 
     </span>
     <span class='ocr_line' id='line_1_7' title="bbox 87 803 2001 893; baseline 0.001 -21"><span class='ocrx_word' id='word_1_44' title='bbox 87 808 569 892; x_wconf 77' lang='grc' dir='ltr'><strong><em>σεμνοπρεπῶς</em></strong></span> <span class='ocrx_word' id='word_1_45' title='bbox 625 806 1054 892; x_wconf 87' lang='grc' dir='ltr'><strong><em>διοικουμένη</em></strong></span> <span class='ocrx_word' id='word_1_46' title='bbox 1123 803 1479 892; x_wconf 89' lang='grc' dir='ltr'><strong><em>σεβάσμιος</em></strong></span> <span class='ocrx_word' id='word_1_47' title='bbox 1535 807 1881 893; x_wconf 82' lang='grc' dir='ltr'><strong><em>ἐφαίνετο,</em></strong></span> <span class='ocrx_word' id='word_1_48' title='bbox 1936 808 2001 887; x_wconf 87' lang='grc' dir='ltr'><strong><em>ἐς</em></strong></span> 
     </span>
     <span class='ocr_line' id='line_1_8' title="bbox 85 903 2001 994; baseline 0.002 -19"><span class='ocrx_word' id='word_1_49' title='bbox 85 904 457 993; x_wconf 88' lang='grc' dir='ltr'><strong><em>Κόμμοδον</em></strong></span> <span class='ocrx_word' id='word_1_50' title='bbox 483 904 562 974; x_wconf 73' lang='grc' dir='ltr'><strong><em>δὲ</em></strong></span> <span class='ocrx_word' id='word_1_51' title='bbox 597 913 1088 994; x_wconf 82' lang='grc' dir='ltr'><strong><em>μεταπεσοῦσα,</em></strong></span> <span class='ocrx_word' id='word_1_52' title='bbox 1132 913 1195 975; x_wconf 84' lang='grc' dir='ltr'><strong><em>εί</em></strong></span> <span class='ocrx_word' id='word_1_53' title='bbox 1235 914 1357 976; x_wconf 90' lang='grc' dir='ltr'><strong><em>καί</em></strong></span> <span class='ocrx_word' id='word_1_54' title='bbox 1386 935 1536 978; x_wconf 90' lang='grc' dir='ltr'><strong><em>τινα</em></strong></span> <span class='ocrx_word' id='word_1_55' title='bbox 1572 903 1691 977; x_wconf 81' lang='grc' dir='ltr'><strong><em>ὑπ’</em></strong></span> <span class='ocrx_word' id='word_1_56' title='bbox 1736 911 2001 978; x_wconf 86' lang='grc' dir='ltr'><strong><em>ἐκείνου</em></strong></span> 
     </span>
     <span class='ocr_line' id='line_1_9' title="bbox 88 1000 2003 1101; baseline 0.002 -24"><span class='ocrx_word' id='word_1_57' title='bbox 88 1006 208 1078; x_wconf 80' lang='grc' dir='ltr'><strong><em>διὰ</em></strong></span> <span class='ocrx_word' id='word_1_58' title='bbox 233 1007 510 1096; x_wconf 88' lang='grc' dir='ltr'><strong><em>νεότητα</em></strong></span> <span class='ocrx_word' id='word_1_59' title='bbox 543 1011 1048 1097; x_wconf 81' lang='grc' dir='ltr'><strong><em>ἐπλημμελεῖτο,</em></strong></span> <span class='ocrx_word' id='word_1_60' title='bbox 1077 1005 1222 1078; x_wconf 79' lang='grc' dir='ltr'><strong><em>ἄλλ’</em></strong></span> <span class='ocrx_word' id='word_1_61' title='bbox 1261 1000 1389 1079; x_wconf 76' lang='grc' dir='ltr'><strong><em>οὖν</em></strong></span> <span class='ocrx_word' id='word_1_62' title='bbox 1424 1017 1508 1101; x_wconf 82' lang='grc' dir='ltr'><strong><em>τῇ</em></strong></span> <span class='ocrx_word' id='word_1_63' title='bbox 1548 1006 1855 1101; x_wconf 74' lang='grc' dir='ltr'><strong><em>εὐγενείᾳ</em></strong></span> <span class='ocrx_word' id='word_1_64' title='bbox 1888 1012 2003 1081; x_wconf 74' lang='grc' dir='ltr'><strong><em>καὶ</em></strong></span> 
     </span>
     <span class='ocr_line' id='line_1_10' title="bbox 86 1106 1999 1203; baseline 0.002 -23"><span class='ocrx_word' id='word_1_65' title='bbox 86 1118 174 1202; x_wconf 81' lang='grc' dir='ltr'><strong><em>τῇ</em></strong></span> <span class='ocrx_word' id='word_1_66' title='bbox 200 1118 320 1182; x_wconf 88' lang='grc' dir='ltr'><strong><em>τοῦ</em></strong></span> <span class='ocrx_word' id='word_1_67' title='bbox 363 1109 610 1201; x_wconf 87' lang='grc' dir='ltr'><strong><em>πατρὸς</em></strong></span> <span class='ocrx_word' id='word_1_68' title='bbox 649 1111 876 1201; x_wconf 80' lang='grc' dir='ltr'><strong><em>μνήμῃ</em></strong></span> <span class='ocrx_word' id='word_1_69' title='bbox 915 1111 1363 1197; x_wconf 79' lang='grc' dir='ltr'><strong><em>ἐπεσκιάζετο·</em></strong></span> <span class='ocrx_word' id='word_1_70' title='bbox 1402 1114 1515 1183; x_wconf 80' lang='grc' dir='ltr'><strong><em>καὶ</em></strong></span> <span class='ocrx_word' id='word_1_71' title='bbox 1554 1116 1757 1183; x_wconf 83' lang='grc' dir='ltr'><strong><em>πλέον</em></strong></span> <span class='ocrx_word' id='word_1_72' title='bbox 1794 1106 1881 1203; x_wconf 78' lang='grc' dir='ltr'><strong><em>ἦν</em></strong></span> <span class='ocrx_word' id='word_1_73' title='bbox 1924 1116 1999 1183; x_wconf 92' lang='grc' dir='ltr'><strong><em>ἐν</em></strong></span> 
     </span>
     <span class='ocr_line' id='line_1_11' title="bbox 7 1210 2002 1308; baseline 0.001 -25"><span class='ocrx_word' id='word_1_74' title='bbox 7 1242 56 1283; x_wconf 84' lang='grc' dir='ltr'><strong><em>ιο</em></strong></span> <span class='ocrx_word' id='word_1_75' title='bbox 91 1210 278 1308; x_wconf 75' lang='grc' dir='ltr'><strong><em>αύτῷ</em></strong></span> <span class='ocrx_word' id='word_1_76' title='bbox 305 1211 380 1284; x_wconf 86' lang='grc' dir='ltr'><strong><em>τὸ</em></strong></span> <span class='ocrx_word' id='word_1_77' title='bbox 408 1213 811 1303; x_wconf 79' lang='grc' dir='ltr'><strong><em>ἐλεούμενον</em></strong></span> <span class='ocrx_word' id='word_1_78' title='bbox 832 1211 944 1303; x_wconf 86' lang='grc' dir='ltr'><strong><em>ἐφ’</em></strong></span> <span class='ocrx_word' id='word_1_79' title='bbox 977 1210 1078 1295; x_wconf 81' lang='grc' dir='ltr'><strong><em>οἷς</em></strong></span> <span class='ocrx_word' id='word_1_80' title='bbox 1103 1215 1467 1304; x_wconf 80' lang='grc' dir='ltr'><strong><em>ἐσφάλλετο</em></strong></span> <span class='ocrx_word' id='word_1_81' title='bbox 1492 1212 1539 1305; x_wconf 78' lang='grc' dir='ltr'><strong><em>ἦ</em></strong></span> <span class='ocrx_word' id='word_1_82' title='bbox 1564 1214 1635 1286; x_wconf 86' lang='grc' dir='ltr'><strong><em>τὸ</em></strong></span> <span class='ocrx_word' id='word_1_83' title='bbox 1679 1216 2002 1305; x_wconf 88' lang='grc' dir='ltr'><strong><em>μισούμε-</em></strong></span> 
     </span>
     <span class='ocr_line' id='line_1_12' title="bbox 85 1315 2003 1407; baseline 0.001 -20"><span class='ocrx_word' id='word_1_84' title='bbox 85 1343 248 1405; x_wconf 88' lang='grc' dir='ltr'><strong><em>νον,</em></strong></span> <span class='ocrx_word' id='word_1_85' title='bbox 279 1319 423 1387; x_wconf 83' lang='grc' dir='ltr'><strong><em>ἐπεὶ</em></strong></span> <span class='ocrx_word' id='word_1_86' title='bbox 452 1315 532 1386; x_wconf 77' lang='grc' dir='ltr'><strong><em>τά</em></strong></span> <span class='ocrx_word' id='word_1_87' title='bbox 561 1325 832 1389; x_wconf 84' lang='grc' dir='ltr'><strong><em>πλεῖστα</em></strong></span> <span class='ocrx_word' id='word_1_88' title='bbox 876 1324 1012 1387; x_wconf 78' lang='grc' dir='ltr'><strong><em>τῶν</em></strong></span> <span class='ocrx_word' id='word_1_89' title='bbox 1049 1321 1429 1407; x_wconf 77' lang='grc' dir='ltr'><strong><em>γινομένων</em></strong></span> <span class='ocrx_word' id='word_1_90' title='bbox 1472 1315 1597 1389; x_wconf 83' lang='grc' dir='ltr'><strong><em>οὐκ</em></strong></span> <span class='ocrx_word' id='word_1_91' title='bbox 1638 1322 1704 1399; x_wconf 87' lang='grc' dir='ltr'><strong><em>ἐς</em></strong></span> <span class='ocrx_word' id='word_1_92' title='bbox 1740 1324 2003 1390; x_wconf 84' lang='grc' dir='ltr'><strong><em>ἐκεῖνον</em></strong></span> 
     </span>
     <span class='ocr_line' id='line_1_13' title="bbox 86 1417 2003 1511; baseline 0.001 -22"><span class='ocrx_word' id='word_1_93' title='bbox 86 1418 543 1509; x_wconf 80' lang='grc' dir='ltr'><strong><em>ἀνεφέρομεν,</em></strong></span> <span class='ocrx_word' id='word_1_94' title='bbox 573 1417 720 1490; x_wconf 77' lang='grc' dir='ltr'><strong><em>ἀλλ’</em></strong></span> <span class='ocrx_word' id='word_1_95' title='bbox 753 1424 820 1503; x_wconf 84' lang='grc' dir='ltr'><strong><em>ἐς</em></strong></span> <span class='ocrx_word' id='word_1_96' title='bbox 848 1420 1006 1504; x_wconf 84' lang='grc' dir='ltr'><strong><em>τοὺς</em></strong></span> <span class='ocrx_word' id='word_1_97' title='bbox 1030 1424 1184 1511; x_wconf 86' lang='grc' dir='ltr'><strong><em>περὶ</em></strong></span> <span class='ocrx_word' id='word_1_98' title='bbox 1211 1419 1423 1491; x_wconf 78' lang='grc' dir='ltr'><strong><em>αὐτὸν</em></strong></span> <span class='ocrx_word' id='word_1_99' title='bbox 1459 1421 1741 1503; x_wconf 84' lang='grc' dir='ltr'><strong><em>κόλακάς</em></strong></span> <span class='ocrx_word' id='word_1_100' title='bbox 1778 1452 1850 1493; x_wconf 89' lang='grc' dir='ltr'><strong><em>τε</em></strong></span> <span class='ocrx_word' id='word_1_101' title='bbox 1889 1424 2003 1492; x_wconf 80' lang='grc' dir='ltr'><strong><em>καὶ</em></strong></span> 
     </span>
     <span class='ocr_line' id='line_1_14' title="bbox 87 1520 2003 1617; baseline 0.001 -25"><span class='ocrx_word' id='word_1_102' title='bbox 87 1520 173 1592; x_wconf 79' lang='grc' dir='ltr'><strong><em>οὐ</em></strong></span> <span class='ocrx_word' id='word_1_103' title='bbox 200 1521 596 1615; x_wconf 81' lang='grc' dir='ltr'><strong><em>πρεπόντων</em></strong></span> <span class='ocrx_word' id='word_1_104' title='bbox 623 1530 839 1613; x_wconf 80' lang='grc' dir='ltr'><strong><em>ἔργων</em></strong></span> <span class='ocrx_word' id='word_1_105' title='bbox 867 1520 1036 1614; x_wconf 82' lang='grc' dir='ltr'><strong><em>ὁμοῦ</em></strong></span> <span class='ocrx_word' id='word_1_106' title='bbox 1061 1524 1487 1613; x_wconf 83' lang='grc' dir='ltr'><strong><em>συμβούλους</em></strong></span> <span class='ocrx_word' id='word_1_107' title='bbox 1520 1553 1589 1595; x_wconf 88' lang='grc' dir='ltr'><strong><em>τε</em></strong></span> <span class='ocrx_word' id='word_1_108' title='bbox 1616 1526 1729 1595; x_wconf 81' lang='grc' dir='ltr'><strong><em>καὶ</em></strong></span> <span class='ocrx_word' id='word_1_109' title='bbox 1748 1522 2003 1617; x_wconf 80' lang='grc' dir='ltr'><strong><em>ὑπηρέ-</em></strong></span> 
     </span>
     <span class='ocr_line' id='line_1_15' title="bbox 86 1618 2061 1718; baseline 0.002 -22"><span class='ocrx_word' id='word_1_110' title='bbox 86 1656 224 1708; x_wconf 86' lang='grc' dir='ltr'><strong><em>τας.</em></strong></span> <span class='ocrx_word' id='word_1_111' title='bbox 328 1628 472 1697; x_wconf 79' lang='grc' dir='ltr'><strong><em>έπεὶ</em></strong></span> <span class='ocrx_word' id='word_1_112' title='bbox 499 1627 575 1697; x_wconf 73' lang='grc' dir='ltr'><strong><em>δὲ</em></strong></span> <span class='ocrx_word' id='word_1_113' title='bbox 602 1630 667 1707; x_wconf 85' lang='grc' dir='ltr'><strong><em>ἐς</em></strong></span> <span class='ocrx_word' id='word_1_114' title='bbox 691 1624 942 1715; x_wconf 85' lang='grc' dir='ltr'><strong><em>σεμνὸν</em></strong></span> <span class='ocrx_word' id='word_1_115' title='bbox 973 1628 1392 1716; x_wconf 79' lang='grc' dir='ltr'><strong><em>πρεσβύτην,</em></strong></span> <span class='ocrx_word' id='word_1_116' title='bbox 1424 1618 1511 1699; x_wconf 76' lang='grc' dir='ltr'><strong><em>οὗ</em></strong></span> <span class='ocrx_word' id='word_1_117' title='bbox 1547 1636 1660 1718; x_wconf 82' lang='grc' dir='ltr'><strong><em>τῆς</em></strong></span> <span class='ocrx_word' id='word_1_118' title='bbox 1690 1624 1999 1718; x_wconf 82' lang='grc' dir='ltr'><strong><em>ἀνδρείας</em></strong></span> <span class='ocrx_word' id='word_1_119' title='bbox 2024 1648 2061 1704; x_wconf 80' lang='lat'>4</span> 
     </span>
     <span class='ocr_line' id='line_1_16' title="bbox 7 1726 1987 1822; baseline -0.001 -19"><span class='ocrx_word' id='word_1_120' title='bbox 7 1764 52 1803; x_wconf 68' lang='grc' dir='ltr'><strong><em>ιε</em></strong></span> <span class='ocrx_word' id='word_1_121' title='bbox 85 1758 158 1800; x_wconf 89' lang='grc' dir='ltr'><strong><em>τε</em></strong></span> <span class='ocrx_word' id='word_1_122' title='bbox 201 1732 312 1801; x_wconf 78' lang='grc' dir='ltr'><strong><em>καὶ</em></strong></span> <span class='ocrx_word' id='word_1_123' title='bbox 357 1730 792 1822; x_wconf 84' lang='grc' dir='ltr'><strong><em>χρηστότητος</em></strong></span> <span class='ocrx_word' id='word_1_124' title='bbox 830 1737 926 1799; x_wconf 80' lang='grc' dir='ltr'><strong><em>ἔτι</em></strong></span> <span class='ocrx_word' id='word_1_125' title='bbox 967 1745 1108 1813; x_wconf 86' lang='grc' dir='ltr'><strong><em>ταῖς</em></strong></span> <span class='ocrx_word' id='word_1_126' title='bbox 1163 1746 1405 1818; x_wconf 86' lang='grc' dir='ltr'><strong><em>ψυχαῖς</em></strong></span> <span class='ocrx_word' id='word_1_127' title='bbox 1445 1728 1634 1820; x_wconf 78' lang='grc' dir='ltr'><strong><em>ἡμῶν</em></strong></span> <span class='ocrx_word' id='word_1_128' title='bbox 1678 1726 1722 1821; x_wconf 78' lang='grc' dir='ltr'><strong><em>ἦ</em></strong></span> <span class='ocrx_word' id='word_1_129' title='bbox 1764 1733 1987 1822; x_wconf 84' lang='grc' dir='ltr'><strong><em>μνήμη</em></strong></span> 
     </span>
     <span class='ocr_line' id='line_1_17' title="bbox 85 1828 1986 1926; baseline 0.001 -23"><span class='ocrx_word' id='word_1_130' title='bbox 85 1835 499 1921; x_wconf 88' lang='grc' dir='ltr'><strong><em>ἐνέστακται,</em></strong></span> <span class='ocrx_word' id='word_1_131' title='bbox 527 1840 894 1926; x_wconf 78' lang='grc' dir='ltr'><strong><em>περιῆλθεν</em></strong></span> <span class='ocrx_word' id='word_1_132' title='bbox 921 1828 962 1922; x_wconf 81' lang='grc' dir='ltr'><em>ἡ</em></span> <span class='ocrx_word' id='word_1_133' title='bbox 989 1829 1188 1922; x_wconf 78' lang='grc' dir='ltr'><strong><em>ἀρχή,</em></strong></span> <span class='ocrx_word' id='word_1_134' title='bbox 1221 1840 1291 1902; x_wconf 83' lang='grc' dir='ltr'><strong><em>οἳ</em></strong></span> <span class='ocrx_word' id='word_1_135' title='bbox 1330 1833 1405 1903; x_wconf 71' lang='grc' dir='ltr'><strong><em>δὲ</em></strong></span> <span class='ocrx_word' id='word_1_136' title='bbox 1443 1831 1567 1903; x_wconf 81' lang='grc' dir='ltr'><strong><em>οὐκ</em></strong></span> <span class='ocrx_word' id='word_1_137' title='bbox 1607 1830 1986 1924; x_wconf 79' lang='grc' dir='ltr'><strong><em>ἠνέσχοντο,</em></strong></span> 
     </span>
     <span class='ocr_line' id='line_1_18' title="bbox 85 1933 1989 2027; baseline 0.002 -22"><span class='ocrx_word' id='word_1_138' title='bbox 85 1934 258 2006; x_wconf 78' lang='grc' dir='ltr'><strong><em>ἀλλὰ</em></strong></span> <span class='ocrx_word' id='word_1_139' title='bbox 299 1943 607 2006; x_wconf 84' lang='grc' dir='ltr'><strong><em>τοιοῦτον</em></strong></span> <span class='ocrx_word' id='word_1_140' title='bbox 653 1933 864 2025; x_wconf 74' lang='grc' dir='ltr'><strong><em>ἄνδρα</em></strong></span> <span class='ocrx_word' id='word_1_141' title='bbox 901 1935 1090 2027; x_wconf 77' lang='grc' dir='ltr'><strong><em>φόνῳ</em></strong></span> <span class='ocrx_word' id='word_1_142' title='bbox 1133 1934 1693 2007; x_wconf 76' lang='grc' dir='ltr'><strong><em>ἀπεσκευάσαντο.</em></strong></span> <span class='ocrx_word' id='word_1_143' title='bbox 1748 1936 1873 2025; x_wconf 83' lang='grc' dir='ltr'><strong><em>τὴν</em></strong></span> <span class='ocrx_word' id='word_1_144' title='bbox 1912 1939 1989 2009; x_wconf 71' lang='grc' dir='ltr'><strong><em>δὲ</em></strong></span> 
     </span>
     <span class='ocr_line' id='line_1_19' title="bbox 83 2036 1989 2129; baseline 0.001 -20"><span class='ocrx_word' id='word_1_145' title='bbox 83 2048 207 2129; x_wconf 81' lang='grc' dir='ltr'><strong><em>γῆς</em></strong></span> <span class='ocrx_word' id='word_1_146' title='bbox 252 2040 364 2109; x_wconf 82' lang='grc' dir='ltr'><strong><em>καὶ</em></strong></span> <span class='ocrx_word' id='word_1_147' title='bbox 414 2038 744 2127; x_wconf 77' lang='grc' dir='ltr'><strong><em>θαλάττης</em></strong></span> <span class='ocrx_word' id='word_1_148' title='bbox 785 2038 1116 2128; x_wconf 89' lang='grc' dir='ltr'><strong><em>τοσαύτην</em></strong></span> <span class='ocrx_word' id='word_1_149' title='bbox 1167 2036 1377 2127; x_wconf 77' lang='grc' dir='ltr'><strong><em>ἀρχὴν</em></strong></span> <span class='ocrx_word' id='word_1_150' title='bbox 1426 2036 1849 2129; x_wconf 74' lang='grc' dir='ltr'><strong><em>ὥνησάμενός</em></strong></span> <span class='ocrx_word' id='word_1_151' title='bbox 1891 2068 1989 2125; x_wconf 86' lang='grc' dir='ltr'><strong><em>τις</em></strong></span> 
     </span>
     <span class='ocr_line' id='line_1_20' title="bbox 83 2138 1997 2233; baseline 0.001 -21"><span class='ocrx_word' id='word_1_152' title='bbox 83 2149 374 2233; x_wconf 72' lang='grc' dir='ltr'><strong><em>αἰσχρῶς</em></strong></span> <span class='ocrx_word' id='word_1_153' title='bbox 399 2141 565 2231; x_wconf 88' lang='grc' dir='ltr'><strong><em>πρός</em></strong></span> <span class='ocrx_word' id='word_1_154' title='bbox 604 2169 675 2211; x_wconf 87' lang='grc' dir='ltr'><strong><em>τε</em></strong></span> <span class='ocrx_word' id='word_1_155' title='bbox 711 2148 832 2212; x_wconf 80' lang='grc' dir='ltr'><strong><em>τοῦ</em></strong></span> <span class='ocrx_word' id='word_1_156' title='bbox 865 2141 1114 2231; x_wconf 87' lang='grc' dir='ltr'><strong><em>δήμου,</em></strong></span> <span class='ocrx_word' id='word_1_157' title='bbox 1152 2138 1241 2225; x_wconf 73' lang='grc' dir='ltr'><strong><em>ὡς</em></strong></span> <span class='ocrx_word' id='word_1_158' title='bbox 1278 2140 1591 2231; x_wconf 76' lang='grc' dir='ltr'><strong><em>ἀκούετε,</em></strong></span> <span class='ocrx_word' id='word_1_159' title='bbox 1627 2150 1997 2233; x_wconf 87' lang='grc' dir='ltr'><strong><em>μεμίσηται,</em></strong></span> 
     </span>
     <span class='ocr_line' id='line_1_21' title="bbox 7 2241 2001 2335; baseline 0.002 -20"><span class='ocrx_word' id='word_1_160' title='bbox 7 2280 50 2321; x_wconf 72' lang='lat'><strong><em>20</em></strong></span> <span class='ocrx_word' id='word_1_161' title='bbox 83 2246 254 2335; x_wconf 86' lang='grc' dir='ltr'><strong><em>πρός</em></strong></span> <span class='ocrx_word' id='word_1_162' title='bbox 279 2272 352 2315; x_wconf 90' lang='grc' dir='ltr'><strong><em>τε</em></strong></span> <span class='ocrx_word' id='word_1_163' title='bbox 377 2252 514 2315; x_wconf 78' lang='grc' dir='ltr'><strong><em>τῶν</em></strong></span> <span class='ocrx_word' id='word_1_164' title='bbox 553 2248 692 2315; x_wconf 83' lang='grc' dir='ltr'><strong><em>ἐκεῖ</em></strong></span> <span class='ocrx_word' id='word_1_165' title='bbox 720 2252 1172 2335; x_wconf 74' lang='grc' dir='ltr'><strong><em>στρατιωτῶν,</em></strong></span> <span class='ocrx_word' id='word_1_166' title='bbox 1217 2241 1338 2327; x_wconf 74' lang='grc' dir='ltr'><strong><em>οὓς</em></strong></span> <span class='ocrx_word' id='word_1_167' title='bbox 1375 2246 1731 2334; x_wconf 83' lang='grc' dir='ltr'><strong><em>ἐψεύσατο,</em></strong></span> <span class='ocrx_word' id='word_1_168' title='bbox 1775 2244 2001 2318; x_wconf 79' lang='grc' dir='ltr'><strong><em>οὐκέτι</em></strong></span> 
     </span>
     <span class='ocr_line' id='line_1_22' title="bbox 79 2338 2059 2440; baseline 0.001 -22"><span class='ocrx_word' id='word_1_169' title='bbox 79 2348 486 2419; x_wconf 86' lang='grc' dir='ltr'><strong><em>πιστεύεται.</em></strong></span> <span class='ocrx_word' id='word_1_170' title='bbox 595 2338 725 2435; x_wconf 72' lang='grc' dir='ltr'><strong><em>ὦν,</em></strong></span> <span class='ocrx_word' id='word_1_171' title='bbox 769 2355 831 2417; x_wconf 86' lang='grc' dir='ltr'><strong><em>εί</em></strong></span> <span class='ocrx_word' id='word_1_172' title='bbox 867 2350 980 2417; x_wconf 75' lang='grc' dir='ltr'><strong><em>καὶ</em></strong></span> <span class='ocrx_word' id='word_1_173' title='bbox 1017 2354 1297 2436; x_wconf 80' lang='grc' dir='ltr'><strong><em>ἔμελλον</em></strong></span> <span class='ocrx_word' id='word_1_174' title='bbox 1338 2344 1508 2440; x_wconf 75' lang='grc' dir='ltr'><strong><em>ὑπὲρ</em></strong></span> <span class='ocrx_word' id='word_1_175' title='bbox 1538 2346 1749 2419; x_wconf 76' lang='grc' dir='ltr'><strong><em>αὐτοῦ</em></strong></span> <span class='ocrx_word' id='word_1_176' title='bbox 1778 2378 1995 2439; x_wconf 87' lang='grc' dir='ltr'><strong><em>παρα-</em></strong></span> <span class='ocrx_word' id='word_1_177' title='bbox 2026 2358 2059 2413; x_wconf 85' lang='grc'>5</span> 
     </span>
     <span class='ocr_line' id='line_1_23' title="bbox 76 2446 2001 2541; baseline 0.001 -20"><span class='ocrx_word' id='word_1_178' title='bbox 76 2452 410 2534; x_wconf 81' lang='grc' dir='ltr'><strong><em>τάξασθαι</em></strong></span> <span class='ocrx_word' id='word_1_179' title='bbox 463 2446 605 2538; x_wconf 84' lang='grc' dir='ltr'><strong><em>μετ’</em></strong></span> <span class='ocrx_word' id='word_1_180' title='bbox 654 2446 950 2536; x_wconf 81' lang='grc' dir='ltr'><strong><em>εὐνοίας,</em></strong></span> <span class='ocrx_word' id='word_1_181' title='bbox 995 2453 1110 2520; x_wconf 86' lang='grc' dir='ltr'><strong><em>καὶ</em></strong></span> <span class='ocrx_word' id='word_1_182' title='bbox 1159 2451 1407 2539; x_wconf 89' lang='grc' dir='ltr'><strong><em>πλήθει</em></strong></span> <span class='ocrx_word' id='word_1_183' title='bbox 1458 2453 1837 2541; x_wconf 88' lang='grc' dir='ltr'><strong><em>σύμπαντες</em></strong></span> <span class='ocrx_word' id='word_1_184' title='bbox 1886 2456 2001 2524; x_wconf 74' lang='grc' dir='ltr'><strong><em>καὶ</em></strong></span> 
     </span>
     <span class='ocr_line' id='line_1_24' title="bbox 79 2550 2002 2644; baseline 0.001 -20"><span class='ocrx_word' id='word_1_185' title='bbox 79 2551 247 2625; x_wconf 87' lang='grc' dir='ltr'><strong><em>καθ’</em></strong></span> <span class='ocrx_word' id='word_1_186' title='bbox 281 2557 402 2624; x_wconf 80' lang='grc' dir='ltr'><strong><em>ἕνα</em></strong></span> <span class='ocrx_word' id='word_1_187' title='bbox 429 2556 708 2623; x_wconf 76' lang='grc' dir='ltr'><strong><em>ἕκαστον</em></strong></span> <span class='ocrx_word' id='word_1_188' title='bbox 737 2550 1062 2644; x_wconf 75' lang='grc' dir='ltr'><strong><em>εὐανδρία</em></strong></span> <span class='ocrx_word' id='word_1_189' title='bbox 1089 2554 1441 2641; x_wconf 88' lang='grc' dir='ltr'><strong><em>προύχετε,</em></strong></span> <span class='ocrx_word' id='word_1_190' title='bbox 1476 2552 1751 2643; x_wconf 80' lang='grc' dir='ltr'><strong><em>ἀσκήσει</em></strong></span> <span class='ocrx_word' id='word_1_191' title='bbox 1776 2582 1849 2625; x_wconf 85' lang='grc' dir='ltr'><strong><em>τε</em></strong></span> <span class='ocrx_word' id='word_1_192' title='bbox 1876 2582 2002 2627; x_wconf 86' lang='grc' dir='ltr'><strong><em>πο-</em></strong></span> 
     </span>
     <span class='ocr_line' id='line_1_25' title="bbox 77 2652 2002 2747; baseline 0.001 -22"><span class='ocrx_word' id='word_1_193' title='bbox 77 2663 380 2746; x_wconf 71' lang='grc' dir='ltr'><strong><em>λεμικοῖν</em></strong></span> <span class='ocrx_word' id='word_1_194' title='bbox 406 2655 912 2745; x_wconf 83' lang='grc' dir='ltr'><strong><em>ἐγγεγύμνασθε</em></strong></span> <span class='ocrx_word' id='word_1_195' title='bbox 937 2652 1128 2743; x_wconf 80' lang='grc' dir='ltr'><strong><em>ὑμεῖς</em></strong></span> <span class='ocrx_word' id='word_1_196' title='bbox 1146 2656 1271 2745; x_wconf 79' lang='grc' dir='ltr'><strong><em>μὲν</em></strong></span> <span class='ocrx_word' id='word_1_197' title='bbox 1298 2654 1403 2725; x_wconf 78' lang='grc' dir='ltr'><strong><em>ἀεὶ</em></strong></span> <span class='ocrx_word' id='word_1_198' title='bbox 1428 2658 1788 2747; x_wconf 85' lang='grc' dir='ltr'><strong><em>βαρβάροις</em></strong></span> <span class='ocrx_word' id='word_1_199' title='bbox 1814 2654 2002 2727; x_wconf 80' lang='grc' dir='ltr'><strong><em>ἄντι-</em></strong></span> 
     </span>
     <span class='ocr_line' id='line_1_26' title="bbox 7 2757 2000 2851; baseline -0.001 -19"><span class='ocrx_word' id='word_1_200' title='bbox 7 2792 48 2832; x_wconf 78' lang='lat'><strong><em>25</em></strong></span> <span class='ocrx_word' id='word_1_201' title='bbox 79 2759 474 2848; x_wconf 88' lang='grc' dir='ltr'><strong><em>ταττόμενοι</em></strong></span> <span class='ocrx_word' id='word_1_202' title='bbox 491 2812 511 2846; x_wconf 87' lang='grc'><strong><em>,</em></strong></span> <span class='ocrx_word' id='word_1_203' title='bbox 539 2761 652 2829; x_wconf 86' lang='grc' dir='ltr'><strong><em>καὶ</em></strong></span> <span class='ocrx_word' id='word_1_204' title='bbox 680 2761 917 2848; x_wconf 86' lang='grc' dir='ltr'><strong><em>φέρειν</em></strong></span> <span class='ocrx_word' id='word_1_205' title='bbox 943 2757 1193 2840; x_wconf 90' lang='grc' dir='ltr'><strong><em>πόνους</em></strong></span> <span class='ocrx_word' id='word_1_206' title='bbox 1219 2758 1469 2841; x_wconf 87' lang='grc' dir='ltr'><strong><em>πάντας</em></strong></span> <span class='ocrx_word' id='word_1_207' title='bbox 1494 2768 1799 2848; x_wconf 87' lang='grc' dir='ltr'><strong><em>πορείας,</em></strong></span> <span class='ocrx_word' id='word_1_208' title='bbox 1830 2760 2000 2851; x_wconf 84' lang='grc' dir='ltr'><strong><em>κρύ-</em></strong></span> 
     </span>
     <span class='ocr_line' id='line_1_27' title="bbox 77 2860 2000 2959; baseline -0.001 -27"><span class='ocrx_word' id='word_1_209' title='bbox 77 2891 203 2944; x_wconf 88' lang='grc' dir='ltr'><strong><em>ους</em></strong></span> <span class='ocrx_word' id='word_1_210' title='bbox 233 2889 307 2932; x_wconf 87' lang='grc' dir='ltr'><strong><em>τε</em></strong></span> <span class='ocrx_word' id='word_1_211' title='bbox 333 2863 445 2931; x_wconf 77' lang='grc' dir='ltr'><strong><em>καὶ</em></strong></span> <span class='ocrx_word' id='word_1_212' title='bbox 473 2860 778 2940; x_wconf 86' lang='grc' dir='ltr'><strong><em>θάλπους</em></strong></span> <span class='ocrx_word' id='word_1_213' title='bbox 805 2875 1273 2951; x_wconf 84' lang='grc' dir='ltr'><strong><em>καταφρονεῖν,</em></strong></span> <span class='ocrx_word' id='word_1_214' title='bbox 1292 2862 1627 2949; x_wconf 86' lang='grc' dir='ltr'><strong><em>ποταμούς</em></strong></span> <span class='ocrx_word' id='word_1_215' title='bbox 1648 2890 1719 2932; x_wconf 89' lang='grc' dir='ltr'><strong><em>τε</em></strong></span> <span class='ocrx_word' id='word_1_216' title='bbox 1738 2889 2000 2959; x_wconf 48' lang='grc' dir='ltr'><strong><em>πηγνυῑ-</em></strong></span> 
     </span>
     <span class='ocr_line' id='line_1_28' title="bbox 74 2960 1997 3056; baseline -0.001 -20"><span class='ocrx_word' id='word_1_217' title='bbox 74 2969 333 3056; x_wconf 87' lang='grc' dir='ltr'><strong><em>μένους</em></strong></span> <span class='ocrx_word' id='word_1_218' title='bbox 357 2979 622 3053; x_wconf 84' lang='grc' dir='ltr'><strong><em>πατεῖν,</em></strong></span> <span class='ocrx_word' id='word_1_219' title='bbox 651 2966 762 3033; x_wconf 85' lang='grc' dir='ltr'><strong><em>καὶ</em></strong></span> <span class='ocrx_word' id='word_1_220' title='bbox 791 2971 1014 3034; x_wconf 87' lang='grc' dir='ltr'><strong><em>πίνειν</em></strong></span> <span class='ocrx_word' id='word_1_221' title='bbox 1041 2960 1489 3053; x_wconf 83' lang='grc' dir='ltr'><strong><em>ὀρυττόμενον</em></strong></span> <span class='ocrx_word' id='word_1_222' title='bbox 1516 2961 1664 3033; x_wconf 71' lang='grc' dir='ltr'><strong><em>ἀλλ’ι</em></strong></span> <span class='ocrx_word' id='word_1_223' title='bbox 1696 2962 1819 3034; x_wconf 77' lang='grc' dir='ltr'><strong><em>οὐκ</em></strong></span> <span class='ocrx_word' id='word_1_224' title='bbox 1846 2960 1997 3035; x_wconf 75' lang='grc' dir='ltr'><strong><em>ἀνι-</em></strong></span> 
     </span>
     <span class='ocr_line' id='line_1_29' title="bbox 75 3064 1995 3159; baseline -0.001 -21"><span class='ocrx_word' id='word_1_225' title='bbox 75 3067 393 3159; x_wconf 72' lang='grc' dir='ltr'><strong><em>μώμενον</em></strong></span> <span class='ocrx_word' id='word_1_226' title='bbox 421 3064 608 3155; x_wconf 77' lang='grc' dir='ltr'><strong><em>ὕδωρ</em></strong></span> <span class='ocrx_word' id='word_1_227' title='bbox 639 3069 1032 3155; x_wconf 78' lang='grc' dir='ltr'><strong><em>εἰθισμένοι.</em></strong></span> <span class='ocrx_word' id='word_1_228' title='bbox 1091 3066 1337 3156; x_wconf 89' lang='grc' dir='ltr'><strong><em>θήραις</em></strong></span> <span class='ocrx_word' id='word_1_229' title='bbox 1367 3093 1439 3135; x_wconf 88' lang='grc' dir='ltr'><strong><em>τε</em></strong></span> <span class='ocrx_word' id='word_1_230' title='bbox 1464 3067 1995 3155; x_wconf 82' lang='grc' dir='ltr'><strong><em>ἐγγεγύμνασθε,</em></strong></span> 
     </span>
     <span class='ocr_line' id='line_1_30' title="bbox 75 3166 1991 3260; baseline -0.002 -17"><span class='ocrx_word' id='word_1_231' title='bbox 75 3173 200 3243; x_wconf 81' lang='grc' dir='ltr'><strong><em>καὶ</em></strong></span> <span class='ocrx_word' id='word_1_232' title='bbox 215 3169 478 3251; x_wconf 88' lang='grc' dir='ltr'><strong><em>πάντως</em></strong></span> <span class='ocrx_word' id='word_1_233' title='bbox 503 3166 666 3258; x_wconf 79' lang='grc' dir='ltr'><strong><em>ὑμῖν</em></strong></span> <span class='ocrx_word' id='word_1_234' title='bbox 685 3173 750 3250; x_wconf 88' lang='grc' dir='ltr'><strong><em>ἐς</em></strong></span> <span class='ocrx_word' id='word_1_235' title='bbox 777 3166 1098 3259; x_wconf 77' lang='grc' dir='ltr'><strong><em>ἀνδρείαν</em></strong></span> <span class='ocrx_word' id='word_1_236' title='bbox 1125 3166 1409 3259; x_wconf 80' lang='grc' dir='ltr'><strong><em>ὑπάρχει</em></strong></span> <span class='ocrx_word' id='word_1_237' title='bbox 1434 3186 1713 3257; x_wconf 86' lang='grc' dir='ltr'><strong><em>γενναῖα</em></strong></span> <span class='ocrx_word' id='word_1_238' title='bbox 1731 3170 1991 3260; x_wconf 85' lang='grc' dir='ltr'><strong><em>ἐφόδια,</em></strong></span> 
     </span>
     <span class='ocr_line' id='line_1_31' title="bbox 11 3268 1998 3363; baseline -0.001 -20"><span class='ocrx_word' id='word_1_239' title='bbox 11 3301 50 3343; x_wconf 75' lang='lat'><strong><em>³⁰</em></strong></span> <span class='ocrx_word' id='word_1_240' title='bbox 81 3272 176 3355; x_wconf 73' lang='grc' dir='ltr'><strong><em>ὥς</em></strong></span> <span class='ocrx_word' id='word_1_241' title='bbox 216 3273 386 3363; x_wconf 71' lang='grc' dir='ltr'><strong><em>μηδὲ</em></strong></span> <span class='ocrx_word' id='word_1_242' title='bbox 425 3280 488 3342; x_wconf 80' lang='grc' dir='ltr'><strong><em>εί</em></strong></span> <span class='ocrx_word' id='word_1_243' title='bbox 522 3280 890 3362; x_wconf 88' lang='grc' dir='ltr'><strong><em>βουληθείη</em></strong></span> <span class='ocrx_word' id='word_1_244' title='bbox 927 3300 1057 3361; x_wconf 90' lang='grc' dir='ltr'><strong><em>τις,</em></strong></span> <span class='ocrx_word' id='word_1_245' title='bbox 1105 3272 1441 3343; x_wconf 88' lang='grc' dir='ltr'><strong><em>δύνασθαι</em></strong></span> <span class='ocrx_word' id='word_1_246' title='bbox 1484 3269 1647 3362; x_wconf 80' lang='grc' dir='ltr'><strong><em>ὑμῖν</em></strong></span> <span class='ocrx_word' id='word_1_247' title='bbox 1688 3268 1998 3361; x_wconf 77' lang='grc' dir='ltr'><strong><em>ἀντιστῆ-</em></strong></span> 
     </span>
     <span class='ocr_line' id='line_1_32' title="bbox 77 3372 2057 3466; baseline -0.002 -19"><span class='ocrx_word' id='word_1_248' title='bbox 77 3406 219 3448; x_wconf 89' lang='grc' dir='ltr'><strong><em>ναι.</em></strong></span> <span class='ocrx_word' id='word_1_249' title='bbox 326 3381 631 3465; x_wconf 88' lang='grc' dir='ltr'><strong><em>δοκίμιον</em></strong></span> <span class='ocrx_word' id='word_1_250' title='bbox 657 3375 732 3445; x_wconf 71' lang='grc' dir='ltr'><strong><em>δὲ</em></strong></span> <span class='ocrx_word' id='word_1_251' title='bbox 757 3383 1178 3465; x_wconf 77' lang='grc' dir='ltr'><strong><em>στρατιωτῶν</em></strong></span> <span class='ocrx_word' id='word_1_252' title='bbox 1203 3374 1509 3466; x_wconf 87' lang='grc' dir='ltr'><strong><em>κάματος,</em></strong></span> <span class='ocrx_word' id='word_1_253' title='bbox 1538 3372 1687 3445; x_wconf 78' lang='grc' dir='ltr'><strong><em>ἀλλ’</em></strong></span> <span class='ocrx_word' id='word_1_254' title='bbox 1720 3372 1803 3447; x_wconf 81' lang='grc' dir='ltr'><strong><em>οὐ</em></strong></span> <span class='ocrx_word' id='word_1_255' title='bbox 1832 3402 1996 3464; x_wconf 87' lang='grc' dir='ltr'><strong><em>τρυ-</em></strong></span> <span class='ocrx_word' id='word_1_256' title='bbox 2022 3397 2057 3453; x_wconf 86' lang='grc'>6</span> 
     </span>
     <span class='ocr_line' id='line_1_33' title="bbox 79 3469 1996 3571; baseline -0.001 -22"><span class='ocrx_word' id='word_1_257' title='bbox 79 3480 220 3571; x_wconf 87' lang='grc' dir='ltr'><strong><em>φή,</em></strong></span> <span class='ocrx_word' id='word_1_258' title='bbox 252 3469 422 3571; x_wconf 80' lang='grc' dir='ltr'><strong><em>ᾗπερ</em></strong></span> <span class='ocrx_word' id='word_1_259' title='bbox 454 3482 699 3549; x_wconf 85' lang='grc' dir='ltr'><strong><em>ἐκεῖνοι</em></strong></span> <span class='ocrx_word' id='word_1_260' title='bbox 739 3481 1311 3571; x_wconf 76' lang='grc' dir='ltr'><strong><em>ἐγκραιπαλῶντές</em></strong></span> <span class='ocrx_word' id='word_1_261' title='bbox 1335 3504 1409 3549; x_wconf 87' lang='grc' dir='ltr'><strong><em>τε</em></strong></span> <span class='ocrx_word' id='word_1_262' title='bbox 1446 3481 1563 3549; x_wconf 76' lang='grc' dir='ltr'><strong><em>καὶ</em></strong></span> <span class='ocrx_word' id='word_1_263' title='bbox 1586 3480 1996 3569; x_wconf 82' lang='grc' dir='ltr'><strong><em>ἐναυξηθέν-</em></strong></span> 
     </span>
    </p>
   </div>
  </div>
 </body>
</html>
