2475 3859
505 128 624 190 114
1225 128 1659 189 ΤΕΤΑΡΤΟΝ

433 362 441 370 .
501 307 644 371 νίαι
669 298 940 388 πάντες,
973 300 1231 370 ἐοικότα
1257 326 1331 369 τε
1356 302 1739 380 ἐλπίσαντες
1764 296 1877 368 διὰ
1900 296 2023 388 τὴν
2050 298 2417 390 προϋπάρ-

503 407 708 487 ξασαν
733 399 892 493 παρ’
925 399 1136 473 αὐτοῦ
1165 405 1229 483 ἐς
1256 400 1380 491 τὴν
1406 401 1603 473 πόλιν
1627 401 1826 490 τιμήν
1842 454 1861 490 ,
1895 409 2252 491 συνῆλθον
2278 399 2413 491 ἅμα

503 513 786 596 γονεῦσί
822 532 894 575 τε
937 508 1049 574 καὶ
1099 503 1417 594 ἀδελφοῖς
1464 506 1942 595 συνηδομένοις
1985 503 2217 576 αὐτῶν
2271 522 2413 587 ταῖς

447 624 480 678 6
507 614 783 681 ἐλπίσιν.
887 604 924 677 ὁ
965 606 1035 678 δ’
1077 604 1468 691 Ἀντωνῖνος
1506 614 1860 689 διεστῶτας
1898 605 2145 691 αὐτοὺς
2170 610 2409 697 έπιῶν,

503 713 782 784 ἑκάστου
809 710 1258 801 ἐφαπτόμενος
1282 714 1395 782 καὶ
1422 708 1629 781 ἄλλου
1656 708 1817 781 ἄλλο
1832 714 2047 799 λέγων
2072 712 2409 801 ἐγκώμιον
2433 732 2453 770 ⁵

502 813 774 905 παρῄει,
817 812 953 884 ἔστ’
997 813 1242 897 αὐτοὺς
1278 811 1434 885 οὔτε
1474 843 1537 884 τι
1574 810 1869 904 ὁρῶντας
1916 812 2072 884 οὔτε
2110 821 2409 906 προσδο-

501 925 757 998 κῶντας
781 916 854 986 τὸ
881 915 1351 1008 στρατιωτικὸν
1377 925 1511 987 πᾶν
1537 917 1969 987 ἐκυκλώσατο.
2042 912 2131 999 ῶς
2156 918 2239 988 δὲ
2270 922 2409 988 ἐτε-

500 1019 794 1110 κμήρατο
832 1016 959 1109 ἤδη
1001 1018 1247 1102 αὐτοὺς
1286 1020 1455 1091 εἶναι
1492 1018 1675 1103 ἐντὸς
1709 1026 1845 1090 τῶν
1880 1018 2108 1090 ὅπλων
2147 1046 2407 1111 περιει-

502 1125 874 1213 λημμένους
905 1126 1017 1193 καὶ
1057 1120 1279 1214 ῶσπερ
1320 1127 1393 1194 ἐν
1432 1125 1726 1204 δικτύοις
1764 1126 2400 1213 σεσαγηνευμένους,

501 1224 808 1297 ἐπελθών
836 1225 1082 1308 πάντας
1109 1224 1307 1309 αὐτὸς
1340 1227 1463 1316 μὲν
1500 1224 1919 1316 ὑπεξέρχεται
1951 1223 2113 1315 μεθ’
2155 1218 2239 1315 ἧς
2270 1226 2397 1315 εἶχε
2432 1253 2467 1293 w

504 1335 808 1418 φρουρᾶς
833 1331 986 1418 περὶ
1015 1329 1254 1399 ἑαυτόν
1270 1382 1290 1418 ,
1318 1327 1441 1418 ὑφ’
1478 1331 1579 1399 ἑνὶ
1606 1330 1682 1399 δὲ
1705 1338 1955 1421 σημείῳ
1982 1330 2403 1420 προσπεσόν-

501 1460 608 1513 τες
650 1432 1070 1519 πανταχόθεν
1113 1436 1184 1502 οἰ
1229 1440 1621 1522 στρατιῶται
1664 1429 1789 1520 τὴν
1834 1435 1907 1502 ἐν
1956 1434 2133 1525 μέσῳ
2181 1440 2402 1502 πᾶσαν

503 1540 850 1622 νεολαίαν,
880 1537 992 1604 καὶ
1021 1544 1089 1605 εἴ
1120 1561 1295 1617 τινες
1324 1531 1537 1617 ἄλλως
1562 1542 1901 1624 παρῆσαν,
1942 1536 2137 1605 παντὶ
2177 1536 2399 1627 τρόπῳ

507 1637 739 1727 φόνων
767 1634 1190 1727 ἀναιροῦσιν,
1221 1635 1621 1727 ὠπλισμένοι
1648 1665 1719 1707 τε
1758 1635 2049 1719 ἀόπλους
2088 1640 2201 1707 καὶ
2226 1665 2399 1708 παν-

445 1756 477 1813 7
505 1741 791 1828 ταχόθεν
823 1741 1337 1831 περιειληφότες.
1440 1750 1577 1811 τῶν
1612 1741 1689 1811 δὲ
1727 1748 2145 1829 στρατιωτῶν
2184 1749 2255 1810 οἳ
2279 1742 2399 1830 μὲν
2429 1764 2465 1805 1⁵

506 1844 834 1934 ἐφόνευον
876 1848 1160 1932 ἔξωθεν,
1201 1854 1273 1915 οἳ
1304 1840 1368 1914 δ’
1410 1842 1710 1934 ῶρυττον
1748 1839 2091 1933 ὀρύγματα
2130 1846 2397 1932 μέγιστα

506 1949 808 2028 ἕλκοντές
857 1976 930 2017 τε
971 1946 1129 2029 τοὺς
1167 1956 1525 2029 πίπτοντας
1561 1950 1952 2035 ἐνέβαλλον,
1992 1954 2399 2035 πληροῦντες

505 2052 858 2139 σωμάτων·
913 2053 1026 2119 καὶ
1063 2048 1188 2138 τὴν
1227 2058 1357 2139 γῆν
1388 2054 1755 2138 ἐπιχέοντες
1784 2053 2094 2138 μέγιστον
2130 2046 2397 2140 ἤγειρον

505 2156 748 2240 ταχέως
771 2152 1245 2242 πολυάνδριον.
1290 2162 1528 2223 πολλοί
1548 2180 1619 2221 τε
1640 2155 1752 2222 καὶ
1786 2149 2147 2240 ἡμιθνῆτες
2176 2153 2397 2222 εἱλκύ-

506 2266 800 2343 σθησαν,
832 2262 928 2325 ἔτι
952 2282 1023 2325 τε
1051 2252 1329 2346 ἄτρωτοι
1358 2256 1898 2345 συνεχῶσθησαν.
1940 2252 2107 2325 ἀλλὰ
2131 2254 2263 2343 μὴν
2290 2258 2396 2325 καὶ
2424 2282 2469 2321 ιο

447 2378 482 2431 8
509 2364 642 2426 τῶν
669 2364 1090 2446 στρατιωτῶν
1115 2356 1243 2427 οὐκ
1268 2354 1481 2448 ὀλίγοι
1508 2358 2025 2449 προσαπῶλοντο
2043 2380 2056 2392 ·
2102 2355 2246 2427 ὅσοι
2270 2357 2395 2447 γὰρ

507 2468 602 2530 ἔτι
631 2460 1020 2547 ἐμπνέοντες
1049 2462 1162 2530 καὶ
1207 2462 1551 2551 δυνάμεως
1581 2470 1860 2552 μετρίως
1888 2468 2143 2549 ἔχοντες
2178 2481 2397 2531 συνω-

506 2570 794 2648 θοῦντο,
836 2563 1381 2653 περιπλεκόμενοι
1428 2574 1925 2654 συγκαθεϊλκον
1966 2559 2229 2645 αυτούς.
2288 2592 2397 2633 το-

509 2672 744 2745 σοῦτος
773 2664 848 2734 δὲ
875 2668 1134 2753 ἐγένετο
1161 2668 1369 2756 φόνος
1396 2665 1484 2749 ῶς
1526 2672 1823 2758 ῥείθροις
1848 2672 2115 2756 αἳματος
2143 2664 2256 2735 διὰ
2280 2674 2399 2735 τοῦ

509 2774 746 2839 πεδίου
773 2768 889 2849 τάς
912 2796 984 2837 τε
1011 2768 1285 2859 ἐκβολὰς
1312 2779 1432 2841 τοῦ
1456 2780 1709 2842 Νείλου
1728 2777 2035 2860 μεγίστας
2054 2768 2259 2851 ουσας
2281 2766 2397 2839 τόν
2423 2792 2469 2833 2³

508 2898 577 2941 τε
603 2873 756 2962 περὶ
782 2869 904 2960 τὴν
931 2870 1127 2943 πόλιν
1167 2873 1472 2964 αἰγιαλὸν
1496 2875 1709 2945 πάντα
1750 2880 2203 2999 φοινιχθῆναι.
2263 2900 2399 2942 τοι-

511 2982 678 3045 αῦτα
705 2973 788 3064 δὴ
805 2976 1248 3066 ἐργασάμενος
1263 2977 1385 3067 τὴν
1403 2977 1617 3064 πόλιν,
1638 2974 1895 3067 ἀπάρας
1914 2981 1979 3057 ἐς
2002 2973 2397 3064 Ἀντιόχειαν

509 3076 804 3165 ἀφίκετο.

415 3188 489 3248 10
713 3180 1129 3268 ἐπιθυμήσας
1157 3180 1233 3249 δὲ
1258 3177 1398 3268 μετ’
1432 3178 1515 3250 οὗ
1544 3178 1717 3250 πολὺ
1758 3178 2109 3270 Παρθικὸς
2143 3186 2395 3269 κληθῆ-

510 3310 622 3351 ναι
659 3284 774 3351 καὶ
814 3279 1152 3370 Ῥωμαίοις
1194 3286 1551 3351 ἐπιστεῖλαι
1596 3278 1685 3363 ῶς
1721 3282 2204 3372 χειρωσάμενος
2240 3280 2393 3363 τοὺς
2420 3314 2465 3355 ³⁰

511 3382 676 3456 κατὰ
703 3381 826 3471 τὴν
851 3379 1180 3471 ἀνατολὴν
1207 3383 1617 3473 βαρβάρους,
1644 3392 1859 3455 καίτοι
1883 3412 1961 3474 γε
1986 3383 2190 3473 οὔσης
2220 3384 2396 3475 εἰρή-

410 3518 444 3543 a-
466 3507 664 3571 ιισνης
685 3491 981 3571 βαθείας,
996 3491 1359 3573 μηχανᾶται
1376 3486 1635 3557 τοιόνδε
1660 3514 1740 3557 τι.
1772 3490 2133 3558 ἐπιστέλλει
2157 3494 2249 3581 τῷ
2278 3494 2396 3577 βα-
