2475 3859
496 154 614 216 102
1235 156 1673 218 ΤΕΤΑΡΤΟΝ

497 327 869 418 πλήρωται,
900 332 1154 409 ἔξωθεν
1182 327 1258 398 δὲ
1277 330 1691 418 χρυσοῦφέσι
1718 341 2092 417 στρωμναῖς
2118 330 2415 416 ἐλεφαν-

498 438 705 513 τίνοις
729 458 802 501 τε
831 427 1162 519 ἀγάλμασι
1198 446 1487 519 γραφαῖς
1529 458 1600 501 τε
1629 438 1959 513 ποικίλαις
1986 431 2411 520 κεκόσμηται.

498 532 603 605 ἐπ’
639 536 876 627 ἐκείνῳ
902 533 978 602 δὲ
1013 536 1276 622 ἕτερον,
1306 534 1585 624 σχήματι
1610 534 1735 623 μὲν
1772 536 1887 605 καὶ
1924 533 2151 625 κόσμῳ
2188 561 2415 623 παρα-

498 635 813 727 πλήσιον,
861 635 1259 725 μικρότερον
1304 638 1465 726 (δὲ)
1514 640 1863 725 ἐπίκειται,
1920 643 2203 717 πυλίδας
2260 645 2417 725 ἔχον

498 743 612 811 καὶ
637 740 858 827 θύρας
881 735 1273 831 ἀνεφγυίας.
1344 747 1569 830 τρίτον
1614 768 1689 811 τε
1748 742 1863 809 καὶ
1912 743 2257 829 τέταρτον,
2308 738 2463 809 ἀεὶε

500 849 624 913 τοῦ
665 838 1110 931 ὑποκειμένου
1153 858 1378 932 μεῖον,
1434 847 1501 927 ἐς
1564 852 1947 915 τελευταῖον
2001 844 2421 933 βραχύτατον

441 957 477 1009 8
505 952 927 1035 περατοῦται.
1033 942 1385 1017 ἀπεικάσαι
1427 976 1525 1028 τις
1566 942 1653 1017 ἀν
1680 945 1755 1016 τὸ
1799 954 2013 1035 σχῆμα
2048 954 2171 1016 τοῦ
2206 974 2417 1017 κατα-

503 1047 954 1137 σκευάσματος
982 1057 1469 1138 φρυκτωρίοις,
1502 1045 1545 1118 ἃ
1569 1066 1707 1131 τοῖς
1746 1054 2006 1139 λιμέσιν
2034 1054 2420 1138 ἐπικείμενα

505 1151 772 1241 νύκτωρ
813 1150 925 1221 διὰ
962 1158 1082 1222 τοῦ
1125 1151 1340 1242 πυρὸς
1380 1157 1447 1235 ἐς
1498 1149 1821 1242 ἀσφαλεῖς
1870 1151 2253 1242 καταγωγὰς
2299 1150 2419 1232 τὰς

507 1262 676 1337 ναῦς
711 1271 1134 1343 χειραγωγεῑ·
1179 1254 1439 1345 φάρους
1474 1282 1547 1325 τε
1584 1254 1757 1328 αὐτὰ
1798 1262 1869 1326 οἰ
1902 1259 2134 1326 πολλοὶ
2160 1262 2415 1325 καλοῦ-
2450 1276 2475 1315 ¹¹

507 1379 638 1427 σιν.
695 1360 762 1438 ἐς
791 1356 874 1445 δὴ
901 1356 975 1427 τὸ
1005 1368 1247 1447 οἴκημα
1274 1356 1347 1428 τὸ
1390 1358 1713 1448 δεύτερον
1750 1356 2264 1447 ἀνακομίσαντες
2292 1356 2417 1446 τὴν

507 1466 748 1549 κλίνην
781 1463 1120 1550 τιθέασιν,
1163 1458 1481 1551 ἀρώματά
1521 1489 1593 1533 τε
1628 1464 1741 1533 καὶ
1772 1462 2159 1551 θυμιάματα
2200 1461 2417 1531 πάντα

511 1560 634 1633 ὅσα
672 1570 758 1651 γῆ
800 1566 1028 1654 φέρει,
1077 1574 1146 1635 εἴ
1189 1567 1266 1635 τέ
1304 1592 1481 1647 τινες
1522 1560 1839 1654 καρποὶῆ
1891 1564 2051 1635 πόαι
2098 1573 2304 1653 χυμοί
2348 1592 2415 1634 τε

509 1666 1042 1756 συμβαλλόμενοι
1061 1666 1226 1757 πρὸς
1254 1665 1580 1756 εὐωδίαν,
1612 1666 2115 1758 ἀνακομίζονται
2142 1670 2254 1738 καὶ
2278 1690 2419 1737 σω-

449 1778 483 1833 9
515 1768 724 1861 ρηδὸν
762 1772 1056 1859 χέονται·
1109 1767 1265 1841 οὕτε
1300 1769 1427 1862 γὰρ
1470 1779 1673 1853 ἔθνος
1712 1768 1869 1843 οὔτε
1902 1771 2091 1853 πόλις
2122 1800 2220 1851 τις
2260 1768 2419 1841 οὔτε
2449 1801 2475 1842 ιε

510 1881 645 1945 τῶν
666 1876 742 1945 ἐν
759 1870 1023 1956 ἀξιώσει
1049 1869 1092 1962 ἦ
1118 1881 1275 1967 τιμῇ
1303 1882 1485 1946 ἔστιν
1508 1870 1583 1957 ὃς
1609 1874 1699 1963 μὴ
1727 1880 1913 1964 δῶρα
1938 1882 2145 1944 ταῦτα
2171 1870 2421 1967 ὕστατα

397 2046 404 2051 .
510 1980 752 2065 πέμπει
792 1984 1160 2067 φιλοτίμως
1197 1980 1264 2060 ἐς
1301 1975 1499 2066 τιμὴν
1539 1984 1661 2049 τοῦ
1711 1980 2051 2067 βασιλέως.
2132 1975 2299 2047 ἐπὰν
2348 1978 2421 2047 δὲ

509 2081 822 2168 μέγιστον
848 2087 1033 2169 χῶμα
1059 2076 1243 2171 ἀρθῇ
1285 2087 1423 2150 τῶν
1462 2077 1832 2169 ἀρωμάτων
1860 2087 1988 2161 πᾶς
2028 2108 2102 2149 τε
2140 2076 2177 2149 ὅ
2220 2079 2421 2161 τόπος

511 2188 842 2271 πληρωθῇ
855 2234 876 2270 ,
909 2187 1190 2254 ίππασία
1215 2185 1371 2272 περὶ
1410 2181 1483 2252 τὸ
1526 2182 2033 2272 κατασκεύασμα
2070 2186 2288 2253 ἐκεῖνο
2312 2190 2421 2272 γί-

513 2311 733 2372 νεται,
763 2290 898 2353 πᾶν
924 2312 994 2355 τε
1019 2282 1094 2355 τὸ
1127 2284 1403 2356 ἱππικὸν
1432 2285 1648 2374 τάγμα
1684 2296 1961 2378 περιθεῖ
1993 2286 2219 2379 κύκλῳ
2258 2286 2421 2375 μετά
2448 2312 2475 2353 τ

515 2414 694 2465 τινος
737 2382 1038 2471 εὐταξίας
1079 2390 1194 2457 καὶ
1243 2385 1769 2471 ἀνακυκλιόσεως
1818 2396 2147 2483 πυρριχίφ
2198 2390 2423 2482 δρόμῳ

422 2502 490 2553 10
514 2490 628 2559 καὶ
674 2491 936 2583 ῥυθμῷ.
1040 2486 1299 2580 ἅρματά
1335 2519 1407 2561 τε
1446 2494 1861 2583 περιέρχεται
1897 2489 2095 2584 ὁμοία
2132 2485 2422 2585 εὐταξίᾳ,

517 2595 812 2683 φέροντα
837 2591 994 2674 τούς
1019 2596 1393 2681 ἐφεστῶτας
1420 2591 1915 2685 ἠμφιεσμένους
1942 2595 2066 2684 μὲν
2091 2593 2209 2675 τὰς
2232 2622 2424 2686 περι-

516 2694 908 2786 πορφύρους
933 2699 1250 2785 ἐσθῆτας,
1291 2714 1674 2789 προσωπεῖα
1700 2699 1777 2769 δὲ
1800 2702 2305 2788 περικειμένους
2334 2705 2426 2769 εἰ·

517 2798 720 2881 κόνας
759 2805 994 2886 ἔχοντα
1045 2795 1190 2870 ὅσοι
1234 2798 1572 2890 Ῥωμαίων
1613 2802 1895 2885 ἐνδόξως
1935 2802 2425 2891 ἐστρατήγησαν
2450 2832 2475 2871 2

517 2898 563 2991 ἢ
607 2906 1068 2992 ἐβασίλευσαν.
1141 2903 1399 2974 τούτων
1448 2904 1525 2974 δὲ
1574 2908 2161 2975 συντελεσθέντων
2200 2903 2425 2993 λαβὼν

521 3004 831 3093 λαμπάδα
857 3000 893 3075 ὁ
921 3003 1048 3093 τὴν
1073 3014 1420 3094 βασιλείαν
1452 3009 1917 3097 διαδεξάμενος
1944 3009 2313 3099 προσφέρει
2338 3014 2424 3099 τῷ

521 3106 856 3196 οἰκήματι,
906 3114 976 3177 οἵ
1011 3137 1084 3179 τε
1123 3112 1345 3180 λοιποὶ
1384 3112 1809 3199 πανταχόθεν
1848 3118 1987 3199 πῦρ
2026 3114 2421 3181 ἐπιτιθέασι·

521 3210 736 3281 πάντα
765 3211 838 3279 δὲ
867 3214 1072 3302 ῥᾷστα
1113 3209 1473 3282 ἀνάπτεται
1515 3210 1821 3302 εὐμαρῶς
1864 3210 1995 3284 ὗπό
2028 3220 2151 3283 τοῦ
2190 3214 2421 3305 πυρός,

524 3312 892 3401 φρυγάνων
919 3341 991 3383 τε
1017 3315 1325 3403 πλήθους
1350 3317 1463 3385 καὶ
1504 3316 1948 3405 θυμιαμάτων
1974 3320 2422 3403 ἐπινηθέντος.
2450 3345 2475 3387 ε

425 3430 491 3483 11
523 3416 596 3481 ἐκ
623 3414 700 3483 δὲ
728 3421 846 3484 τοῦ
875 3423 1262 3486 τελευταίου
1289 3420 1400 3486 καὶ
1427 3417 1847 3506 βραχυτάτου
1886 3419 2424 3506 κατασκευάσμα-

522 3540 662 3601 τος,
713 3512 938 3605 ὥσπερ
977 3514 1106 3586 ἀπό
1147 3546 1325 3599 τινος
1367 3516 1723 3606 ἐπάλξεως,
1766 3516 1956 3600 ἀετὸς
1994 3516 2265 3608 ἀφίεται
2300 3520 2425 3591 σὺν
