2475 3859
537 172 617 235 84
1163 207 1170 221 ·
1336 178 1645 239 TPITON
1662 172 1668 182 ’

535 348 827 439 σκληρὸν
855 356 969 441 τῆς
997 355 1253 436 διαίτης
1278 349 1353 419 τό
1378 379 1451 421 τε
1480 348 1791 432 εὐπειθὲς
1820 349 1987 440 πρὸς
2014 350 2168 435 τοὺς
2196 352 2455 435 πόνους

483 519 488 525 .
533 456 646 523 καὶ
676 451 998 525 εὔτακτον
1024 449 1166 541 μετ’
1209 458 1443 535 αἰδοῦς
1470 452 1635 542 πρὸς
1674 452 1996 545 ἄρχοντας
2020 458 2452 543 ἐπανέτρεψε,

533 558 887 646 χρημάτων
913 582 984 625 τε
1023 558 1385 645 ἐπιθυμεῖν
1412 553 1679 641 διδάξας
1702 559 1816 627 καὶ
1856 556 2251 647 μεταγαγὼν
2276 563 2353 639 ἐς
2382 559 2451 628 τὸ

535 656 984 752 ἁβροδίαιτον.

470 788 504 841 6
737 762 1073 851 διοικήσας
1113 762 1190 833 δὲ
1231 768 1475 849 ταῦτα,
1520 758 1611 843 ῶς
1650 759 1849 854 ᾤετο,
1888 758 2156 850 ἄριστα,
2204 773 2475 833 uana-2

531 864 684 935 θῶν
723 869 790 947 ές
827 864 952 954 τὴν
990 864 1369 955 σύγκλητον
1407 866 1695 954 βουλήν,
1737 861 2051 935 ἀνελθών
2091 892 2163 935 τε
2220 869 2293 947 ές
2334 867 2449 937 τὸν

529 974 869 1057 βασίλειον
893 967 1179 1057 θρόνον,
1215 976 1469 1057 πικρῶς
1506 968 1918 1057 κατηγόρησε
1962 976 2095 1037 τῶν
2126 965 2445 1057 Ἀλβίνου

531 1079 773 1162 φίλων,
805 1056 900 1141 ῶν
926 1073 1050 1160 μὲν
1082 1070 1429 1151 ἐπιστολὰς
1454 1078 1871 1160 προκομίζων
1898 1068 2345 1161 ἀπορρήτους,
2376 1070 2445 1151 ἃς

531 1179 606 1244 ἐν
658 1191 792 1255 τοῖς
845 1178 1111 1245 ἐκείνου
1163 1170 1523 1254 ἀποθέτοις
1564 1164 1721 1261 εὗρε
1765 1173 2179 1264 γράμμασιν,
2226 1170 2331 1256 οἷς
2378 1176 2443 1244 δὲ

534 1284 720 1367 δῶρα
763 1275 1106 1362 ὀνειδίζων
1160 1278 1559 1365 πεμφθέντα
1604 1282 1839 1369 ἐκείνῳ
1882 1279 2436 1363 πολυτελέστερα·
2468 1308 2475 1345 ι

531 1378 754 1463 ἄλλοις
782 1382 858 1451 δὲ
884 1378 1085 1462 ἄλλας
1111 1383 1453 1469 ἐπιφέρων
1480 1388 1724 1469 αἰτίας,
1752 1394 1889 1460 τοῖς
1926 1380 2049 1467 μὲν
2090 1384 2157 1463 ἐξ
2198 1378 2437 1450 ἀνατο-

533 1489 651 1571 λῆς
679 1480 1068 1569 ἀνθρώποις
1094 1490 1331 1573 φιλίαν
1372 1484 1725 1574 <Νίγρου>
1758 1497 1895 1564 τοῖς
1936 1479 2002 1552 δ’
2047 1486 2156 1553 ἐπὶ
2186 1483 2437 1569 θάτερα

472 1606 503 1661 7
534 1593 786 1674 γνῶσιν
832 1584 1174 1675 Ἀλβίνου,
1223 1585 1477 1666 πάντας
1528 1584 1686 1667 τοὺς
1736 1587 2074 1673 ἐξέχοντας
2124 1586 2282 1655 τότέ
2335 1594 2438 1673 τῆς

527 1688 906 1779 συγκλήτου
932 1695 1178 1778 βουλῆς
1193 1692 1309 1759 καὶ
1335 1686 1489 1769 τούς
1514 1688 1683 1759 κατὰ
1708 1696 1879 1776 ἔθνη
1898 1688 2165 1782 πλούτῳ
2192 1685 2239 1778 ἢ
2268 1692 2435 1777 γένει

529 1790 970 1883 ὑπερέχοντας
1007 1789 1304 1881 ἀφειδῶς
1344 1789 1613 1882 ἀνῄρει,
1657 1788 1745 1873 ῶς
1788 1791 1911 1879 μὲν
1956 1809 2433 1881 προσεποιεῖτο,
2462 1812 2475 1849 ¹

525 1903 948 1985 χαλεπαίνων
983 1894 1149 1984 πρὸς
1189 1895 1505 1985 ἐχθρούς,
1552 1895 1625 1966 τό
1668 1892 1733 1963 δ’
1780 1891 2061 1983 ἀληθές,
2098 1890 2437 1984 ὑπερβαλ-

530 2000 774 2088 λούσης
820 2003 895 2070 ἐν
935 1997 1117 2092 αὐτῷ
1155 2006 1709 2087 φιλοχρηματίας·
1768 1994 1995 2078 οὐδεὶς
2036 2005 2207 2086 γοῦν
2248 2007 2435 2086 βασι-

465 2124 501 2178 8
533 2106 704 2173 λέων
769 2099 948 2173 οὕτω
1007 2101 1359 2191 χρημάτων
1411 2098 1688 2189 ἡττήθη.
1794 2097 1903 2181 ὦς’
1936 2099 2065 2191 γὰρ
2124 2110 2437 2190 καρτερίᾳ

522 2212 741 2293 ψυχῆς
767 2207 879 2274 καὶ
907 2201 1293 2295 ἀνεξικακίᾳ
1320 2204 1549 2273 πόνων
1590 2200 1915 2292 διοικήσει
1952 2232 2025 2274 τε
2052 2224 2433 2294 στρατιωτι-

524 2314 666 2376 κῶν
693 2306 1098 2395 πραγμάτων
1135 2302 1415 2386 οὐδενὸς
1450 2312 1588 2376 τῶν
1629 2309 2129 2394 ἐπαινουμένων
2166 2304 2431 2377 ἀπελεί-
2456 2324 2475 2363 2

524 2435 716 2495 πετο,
761 2406 973 2489 οὕτως
1011 2412 1085 2479 ἐν
1119 2407 1300 2501 αὐτῷ
1342 2409 1687 2499 ἐπλήθυνε
1724 2408 1797 2479 τὸ
1838 2408 2333 2499 φιλοχρήματον
2370 2413 2428 2491 ἐξ

525 2508 820 2599 ἀδικίας,
849 2518 1081 2600 φονῶν
1114 2515 1187 2581 ἐκ
1229 2518 1343 2600 τῆς
1382 2512 1709 2601 τυχούσης
1746 2519 1977 2594 αἰτίας.
2035 2512 2225 2604 φόβῳ
2266 2520 2429 2600 γοῦν

466 2637 502 2691 9
529 2606 686 2705 ἦρξε
735 2622 986 2703 μᾶλλον
1036 2621 1172 2684 τῶν
1205 2612 1592 2703 ἀρχομένων
1635 2610 1679 2703 ἦ
1720 2612 1972 2707 εὐνοίᾳ.
2076 2622 2168 2707 τῷ
2208 2617 2428 2703 μέντοι

524 2718 714 2811 δήμῳ
745 2720 1050 2805 ἐπειρᾶτο
1079 2733 1297 2788 ποιεῖν
1325 2720 1761 2807 κεχαρισμένα
1779 2739 1793 2752 ·
1822 2721 1935 2787 καὶ
1960 2715 2086 2809 γὰρ
2114 2719 2279 2798 θέας
2310 2745 2426 2787 πο-

524 2829 818 2903 λυτελεῖς
843 2823 955 2890 καὶ
983 2819 1409 2901 παντόδαπὰς
1446 2827 1744 2909 συνεχῶς
1784 2823 2105 2908 ἐπετέλει,
2144 2823 2259 2891 καὶ
2300 2831 2423 2907 θη·
2448 2848 2475 2891 ¹

526 2933 695 3014 ρίων
738 2923 1176 3005 ἑκατοντάδας
1227 2920 1451 2994 ἀνεῖλε
1502 2923 1820 3005 πολλάκις
1858 2931 1995 2994 τῶν
2038 2920 2166 2993 ἀπὸ
2220 2924 2424 3010 πάσης

525 3036 646 3116 γῆς
677 3023 995 3117 ἡμετέρας
1019 3055 1090 3097 τε
1129 3030 1244 3097 καὶ
1270 3026 1651 3117 βαρβάρου,
1678 3025 1887 3117 νομάς
1912 3054 1983 3097 τε
2009 3027 2423 3116 μεγαλοφρό-
2472 3084 2474 3113 ,

527 3158 660 3211 νως
689 3134 1021 3201 ἐπεδίδου.
1051 3134 1393 3200 ἐπετέλεσε
1420 3131 1495 3200 δὲ
1520 3134 1633 3201 καὶ
1661 3134 1990 3201 ἐπινίκιον
2006 3126 2252 3217 ἀγῶνα,
2274 3128 2421 3209 τοὺς
2470 3168 2472 3192 ι

525 3233 947 3320 πανταχόθεν
972 3234 1222 3320 μούσης
1250 3261 1320 3301 τε
1346 3230 1707 3319 ὑποκριτὰς
1730 3237 1843 3304 καὶ
1870 3230 2181 3322 ἀνδρείας
2206 3244 2419 3320 μαθη-
2468 3236 2470 3271 ¹

431 3358 500 3409 lo
523 3333 638 3415 τὰς
664 3336 1270 3423 μεταπεμψάμενος.
1346 3341 1613 3423 εἴδομεν
1643 3337 1719 3405 δὲ
1744 3333 1849 3406 ἐπ’
1882 3333 2093 3405 αὐτοῦ
2123 3338 2235 3405 καὶ
2258 3337 2415 3414 θέας
2440 3306 2468 3417 ί

425 3452 460 3478 ··
483 3447 553 3481 ²⁰⁴
563 3444 768 3505 τινῶν
795 3443 1238 3507 παντοδαπῶν
1265 3438 1622 3525 θεαμάτων
1650 3442 1724 3508 ἐν
1744 3445 1903 3509 πᾶσι
1917 3439 2225 3523 θεάτροις
2238 3434 2420 3526 ὁμοῦ,
2462 3476 2464 3508 ι

530 3536 904 3637 ἱερουργίας
935 3566 1004 3608 τε
1030 3543 1142 3609 καὶ
1183 3545 1595 3625 παννυχίδας
1631 3544 2159 3621 ἐπιτελεσθείσας
2198 3544 2273 3620 ἐς.
2298 3569 2418 3628 μυ·
2458 3540 2462 3666 ΙΙ
