2475 3859
492 94 574 157 80
1296 98 1596 159 TPITON

489 268 702 341 αὐτὸν
729 266 992 360 ἀγαθάς
1007 294 1080 339 τε
1105 264 1465 359 ὑπέφηναν
1489 268 1607 352 τὰς
1632 273 1923 351 ἐλπίδας.
1956 265 1994 341 ὃ
2020 271 2097 341 δὲ
2124 269 2401 352 ἐπιδοῦς

489 371 717 455 αὐτοῖς
749 370 1267 463 μεγαλοφρόνως
1298 374 1583 464 δωρεάς,
1624 381 1741 463 τῆς
1782 375 1894 443 ἐπὶ
1934 373 2053 443 τὸν
2086 370 2399 463 Ἀλβῖνον

426 505 462 557 9
491 474 657 549 ὁδοῦ
687 487 915 565 εἴχετο.
1021 482 1275 565 ἔπεμψε
1314 476 1390 547 δὲ
1428 479 1541 547 καὶ
1582 474 1739 559 τούς
1778 473 1851 545 τὸ
1878 476 2251 561 Βυζάντιον
2280 505 2399 549 πο-

489 581 961 671 λιορκήσοντας
978 601 993 615 ·
1025 586 1216 667 ἔμενε
1244 578 1373 671 γὰρ
1400 586 1497 649 ἔτι
1524 581 2011 702 κεκλεισμένον,
2040 582 2179 649 τῶν
2206 604 2398 669 στρα-

487 690 710 773 τηγῶν
747 690 868 753 τοῦ
892 688 1158 774 Νίγρου
1199 686 1412 753 ἐκεῖσε
1452 682 1999 805 καταφυγόντων.
2028 711 2197 774 οπερ
2230 685 2437 754 ἑάλωι

383 824 420 849 ι
445 815 488 848 1⁹
467 784 814 876 πῧστερον
840 794 1030 879 λιμῶ,
1059 782 1238 857 πᾶσά
1262 815 1335 857 τε
1368 782 1411 876 ἡ
1438 786 1627 868 πόλις
1650 786 2065 909 κατεσκάφη,
2090 789 2209 856 καὶ
2234 787 2397 857 θεά-

483 918 664 979 τρων
717 916 790 959 τε
843 891 954 958 καὶ
996 895 1303 979 λουτρῶν
1354 889 1601 970 παντός
1643 916 1715 959 τε
1752 886 2007 978 κόσμου
2053 892 2168 960 καὶ
2211 898 2396 981 τιμῆς

485 990 861 1083 ἀφαιρεθὲν
888 990 962 1062 τὸ
989 992 1356 1076 Βυζάντιον
1380 991 1569 1082 κώμη
1606 991 1961 1063 δουλεύειν
1998 1001 2396 1084 Περινθίοις

485 1103 710 1187 δῶρον
761 1094 1003 1184 ἐδόθη,
1059 1118 1284 1186 ωσπερ
1338 1098 1451 1165 καὶ
1508 1092 1869 1183 Ἀντιόχεια
1920 1102 2389 1167 Λαοδικεῦσιν.
2462 1088 2469 1147 ¹¹

484 1208 737 1287 ἔπεμψε
777 1199 854 1268 δὲ
873 1202 1008 1291 ζκαὶ
1048 1198 1346 1287 χρήματα
1388 1207 1662 1269 πλεῖστα
1714 1202 1781 1280 ἐς
1822 1196 2213 1288 ἀνοικισμὸν
2253 1207 2387 1269 τῶν
2416 1229 2445 1267 ιι

390 1314 458 1366 10
485 1303 748 1373 πόλεων
779 1297 858 1382 ἃς
887 1292 973 1390 ἦν
999 1302 1457 1391 λυμηνάμενος
1486 1298 1523 1372 6
1548 1308 1820 1390 Νίγρου
1845 1302 2135 1393 στρατός.
2191 1300 2390 1383 αὐτὸς

484 1408 560 1477 δὲ
591 1412 704 1495 τῆς
732 1400 898 1475 ὁδοῦ
927 1416 1170 1493 εἴχετο,
1200 1410 1532 1493 μηδεμίαν
1560 1402 1809 1493 ἀνοχὴν
1848 1402 2239 1493 ἀναπαύλης
2282 1412 2389 1475 δι·-

483 1506 648 1590 δούς
686 1508 846 1597 μήτε
885 1509 1141 1598 ἑορταῖς
1177 1507 1342 1597 μήτε
1379 1508 1726 1597 καμάτοις,
1766 1509 2019 1599 κρύους
2058 1511 2170 1579 καὶ
2214 1510 2389 1579 θάλ-

480 1639 648 1693 πους
687 1608 929 1700 ὁμοίως
970 1618 1439 1700 καταφρονῶν.
1520 1611 1835 1692 πολλάκις
1874 1618 2045 1700 γοῦν
2082 1610 2196 1681 δια
2253 1620 2387 1682 τῶν
2466 1684 2468 1697 ,

481 1716 937 1804 δυσχειμέρων
978 1717 1093 1785 καὶ
1133 1711 1569 1805 ὑψηλοτάτων
1604 1711 1788 1806 ὀρῶν
1827 1713 1952 1804 τὴν
1990 1710 2441 1804 ὃδοιπορίανιε

478 1815 880 1907 ποιούμενος
905 1814 1037 1889 ὑπὸ
1063 1834 1359 1909 νιφετοῖς
1384 1820 1495 1889 καὶ
1516 1817 1733 1906 χιόσιν
1758 1813 2114 1911 ἀκαλυπτῳ
2150 1825 2235 1908 τῇ
2272 1846 2385 1888 κε-
2466 1838 2468 1882 i

479 1928 662 2012 φαλῇ
697 1917 1084 2011 ωδοιπόρει,
1113 1927 1497 2012 προθυμίαις
1520 1923 1634 1991 καὶ
1660 1918 1973 2009 ἀνδρείας
2010 1920 2083 1992 τὸ
2116 1921 2385 1992 ἐνδόσι-

476 2052 607 2114 μον
632 2040 768 2104 τοῖς
799 2024 1228 2115 στρατιώταις
1252 2032 1427 2117 ἔργῳ
1454 2022 1720 2112 διδούς,
1758 2020 1849 2105 ῶς
1884 2023 1975 2113 μὴ
2018 2024 2229 2114 μόνον
2256 2053 2384 2094 αυ-
2464 2058 2466 2075 =

477 2125 638 2208 τοὺς
675 2126 868 2221 φόβῳ
907 2129 1019 2197 καὶ
1059 2126 1245 2219 νόμῳ
1284 2124 1584 2215 ἀντέχειν
1626 2125 1791 2216 πρὸς
1828 2125 1987 2210 τοὺς
2026 2126 2379 2216 καμάτους,
2464 2076 2466 2164 A

476 2226 646 2299 ἀλλὰ
677 2231 793 2306 καὶ
821 2228 1089 2321 μιμήσει
1129 2232 1244 2299 καὶ
1270 2226 1443 2322 ζήλῳ
1468 2237 1589 2300 τοῦ
1615 2232 1953 2319 βασιλέως.
2022 2238 2275 2319 ἔπεμψε
2304 2231 2377 2300 δὲ
2405 2250 2441 2289 ²⁰

475 2333 590 2401 καὶ
621 2331 905 2422 στρατὸν
949 2331 1343 2421 [δυνάμεως]
1386 2330 1505 2402 τὸν
1544 2331 1624 2402 τὰ
1668 2331 1869 2403 στενὰ
1905 2339 2041 2403 τῶν
2070 2331 2379 2405 ’Ἄλπεων

474 2435 1022 2524 καταληψόμενον
1047 2435 1162 2504 καὶ
1180 2435 1651 2525 φρουρήσοντα
1668 2442 1783 2524 τῆς
1801 2432 2071 2516 Ἰταλίας
2096 2434 2209 2518 τὰς
2238 2443 2379 2507 εἰσ-

477 2537 695 2627 βολάς.

415 2648 451 2706 7
679 2637 770 2722 ὥς
795 2640 873 2709 δὲ
889 2635 1228 2730 ἀπηγγέλη
1258 2647 1350 2735 τῷ
1379 2637 1659 2733 Ἀλβίνῳ
1687 2638 1778 2729 μὴ
1805 2641 2064 2729 μέλλων
2090 2636 2125 2710 6
2153 2647 2375 2730 Σεεῆ-
2460 2647 2462 2728 i

475 2772 592 2835 ρος
615 2741 765 2815 ἀλλ’
796 2740 925 2833 ἤδη
953 2742 1433 2833 παρεσόμενος,
1462 2740 1841 2828 ὑπτιάζοντι
1882 2745 1993 2813 καὶ
2030 2750 2371 2834 τρυφῶντι-
2402 2773 2439 2815 2⁶·

474 2847 770 2937 μεγάλην
807 2846 1100 2937 ταραχὴν
1149 2850 1441 2936 ἐνέβαλε.
1523 2849 1927 2938 περαιωθεὶς
1966 2848 2041 2917 δὲ
2088 2844 2219 2917 ἀπὸ
2260 2856 2376 2936 τῆς
2458 2872 2460 2885 ²

473 2958 873 3041 Βρεττανίας
907 2953 973 3031 ἐς
999 2948 1121 3041 τὴν
1161 2947 1625 3039 ἀντικειμένην
1650 2956 1942 3021 Γαλλίαν
1980 2953 2373 3040 ἐστρατοπέ-

475 3059 736 3125 δευσεν.
779 3056 1034 3143 ἔπεμψέ
1056 3082 1126 3124 τε
1151 3057 1218 3133 ἐς
1246 3054 1460 3123 πάντα
1490 3051 1569 3122 τὰ
1602 3060 1993 3140 γειτνιῶντα
2020 3060 2213 3141 ἔθνη,
2238 3070 2372 3135 τοῖς

423 3224 428 3231 .
468 3184 542 3226 τε
568 3152 966 3246 ἡγουμένοις
993 3159 1324 3227 ἐπέστειλε
1350 3152 1645 3246 χρήματά
1671 3182 1743 3225 τε
1770 3158 2053 3245 πέμπειν
2078 3160 2192 3227 καὶ
2216 3184 2369 3246 τρο-

471 3256 602 3345 φάς
627 3267 718 3351 τῷ
749 3265 1028 3348 στρατῷ.
1086 3260 1200 3327 καὶ
1228 3262 1300 3325 οἰ
1332 3258 1455 3344 μὲν
1480 3259 1867 3339 πεισθέντες
1894 3267 2195 3348 ἔπεμψαν
2220 3255 2367 3329 ὄλε-
2394 3282 2456 3331 ³⁰:

469 3368 684 3446 θρίως
699 3384 714 3398 ·
751 3357 1032 3450 ὕστερον
1058 3357 1186 3447 γὰρ
1213 3358 1703 3447 ἐκολάσθησαν·
1746 3357 1892 3431 ὅσοι
1932 3362 2009 3432 δὲ
2058 3359 2183 3431 οὐκ
2224 3364 2367 3431 ἐπί-

470 3482 756 3531 στευσαν
785 3459 1078 3547 εὐτυχῶς
1095 3468 1349 3550 μᾶλλον
1366 3460 1637 3549 γνόντες
1662 3457 1704 3553 ἢ
1734 3460 2095 3553 εὐβούλως,
2108 3463 2369 3551 ἐσώθη-
