2475 3859
1015 136 1323 220 ΕΚΤοΝζ
2022 138 2140 201 149

213 315 338 383 καὶ
367 308 627 401 ἡλικίας
654 310 829 405 ἀκμῇ
857 316 922 395 ἐς
947 314 1164 403 μάχην
1194 308 1555 401 ἐπιτήδειοι
1585 316 1982 402 ἐνομίζοντο.
2032 320 2137 384 κί-
2166 330 2201 383 2

213 424 419 506 νησίς
445 444 516 487 τε
542 424 814 506 μεγίστη
834 424 994 487 πᾶσι
1018 432 1156 497 τοῖς
1182 410 1316 485 ὑπὸ
1348 413 1687 504 Ῥωμαίοις
1704 420 1987 506 ἐγένετο,
2018 422 2145 487 δυ-

216 520 488 609 νάμεως
516 520 880 613 ἰσορρόπου
907 517 1385 610 ἀθροιζομένης
1412 518 1579 609 πρὸς
1620 519 1693 589 τὸ
1738 515 2145 609 ἀγγελλόμε-

223 651 355 693 νον
380 629 516 692 τῶν
543 623 1024 711 έπιτρεχόντων
1051 622 1413 712 βαρβάρων
1439 631 1720 711 πλῆθος.
1776 621 1811 694 ὁ
1854 620 1918 693 δ’
1956 621 2143 693 Ἀλέ-

163 756 195 797 5
223 730 510 814 ξανδρος
551 724 875 815 ἀθροίσας
911 725 1069 807 τούς
1124 729 1198 794 ἐν
1227 723 1441 817 Ῥώμῃ
1481 727 1918 814 στρατιώτας,
1961 729 2143 809 ἐξελ-

221 840 388 898 θεῖν
414 856 486 899 τε
511 829 763 910 πάντας
799 829 1118 909 κελεύσας
1160 832 1226 909 ἐς
1268 828 1343 897 τὸ
1388 830 1685 919 σύνηθες
1724 836 1995 918 πεδίον,
2036 830 2143 901 ἐπὶ

225 930 522 1021 βήματος
549 929 864 1003 ἀνελθὼν
892 937 1070 1015 ἔλεξε
1101 932 1348 1001 τοιάδε.

427 1032 848 1125 “ἐβουλόμην
873 1038 1031 1124 μέν,
1063 1026 1117 1103 ὦ
1145 1032 1388 1125 ἄνδρες
1429 1042 1947 1125 συστρατιῶται,
1987 1033 2144 1116 τούς
2175 1057 2211 1111 3

225 1138 556 1225 συνήθεις
581 1136 748 1226 πρὸς
773 1136 945 1227 ὑμᾶς
985 1149 1326 1209 ποιεῖσθαι
1364 1139 1637 1226 λόγους,
1681 1135 1771 1207 δι’
1819 1129 1916 1207 ὦν
1946 1135 2148 1219 αὐτός

129 1268 188 1315 ἰο
225 1268 302 1311 τε
357 1242 780 1331 ἐκοσμούμην
829 1249 1232 1332 δημηγορῶν
1278 1238 1451 1330 ὑμᾶς
1504 1268 1575 1311 τε
1622 1239 1987 1323 ἀκούοντας
2030 1238 2148 1310 ⁶1³5-

227 1367 552 1433 φραινον·
589 1346 854 1434 εἰρήνης
894 1344 1022 1434 γὰρ
1064 1353 1433 1425 πολυετοῦς
1470 1341 1969 1425 ἀπολαύσαντες
1995 1354 2065 1414 εἴ
2085 1370 2148 1413 τι

226 1446 470 1518 καινὸν
507 1454 639 1517 νῦν
681 1445 1021 1535 ἀκούοιτε,
1065 1458 1224 1528 ἴσως
1263 1443 1349 1516 ἂν
1394 1444 1483 1528 ὡς
1536 1446 1698 1536 παρ’
1754 1452 1993 1518 ἐλπίδα
2035 1456 2149 1517 λε-

227 1552 465 1641 χθέντι
505 1554 957 1639 ἐκπλαγειήτε.
1061 1547 1186 1640 χρὴ
1242 1548 1307 1619 δ’
1366 1548 1616 1640 ἄνδρας
1668 1559 2022 1639 γενναίους
2072 1578 2142 1620 τε
2171 1564 2207 1617 4

229 1657 346 1725 καὶ
397 1652 754 1743 σώφρονας
807 1651 1126 1743 εὔχεσθαι
1170 1654 1295 1743 μὲν
1330 1649 1659 1741 ὑπάρχειν
1696 1651 1777 1723 τὰ
1817 1657 2145 1742 βέλτιστα,

99 1790 112 1803 ··
143 1792 192 1833 15
231 1761 470 1848 φέρειν
497 1757 572 1827 δὲ
599 1756 680 1827 τὰ
713 1764 1244 1846 προσπίπτοντα·
1276 1763 1414 1825 τῶν
1440 1757 1563 1845 μὲν
1602 1755 1731 1846 γὰρ
1772 1753 1865 1825 δι’
1898 1753 2147 1845 ἡδονῆς

229 1862 704 1949 πραττομένων
732 1857 774 1949 ἡ
801 1859 1164 1941 ἀπόλαυσις
1188 1869 1503 1949 γλυκεῖα,
1544 1866 1681 1929 τῶν
1718 1856 1783 1927 δ’
1830 1861 1896 1942 ἐξ
1936 1855 2148 1947 ἀνάγ-

227 1992 352 2052 κης
391 1966 958 2052 κατορθουμένων
995 1966 1259 2045 ἔνδοξος
1296 1960 1338 2052 ἡ
1381 1961 1677 2052 ἀνδρεία.
1759 1964 1871 2031 καὶ
1912 1960 1987 2031 τὸ
2024 1961 2149 2050 μὲν

231 2065 468 2156 ἄρχειν
493 2064 752 2137 ἀδίκων
779 2074 997 2156 ἔργων
1041 2064 1168 2135 οὐκ
1215 2063 1606 2155 εὐγνώμονα
1651 2072 1783 2152 ἔχει
1820 2062 1946 2153 τὴν
1977 2064 2147 2153 πρό-

229 2179 492 2259 κλησιν,
523 2170 598 2241 τὸ
625 2171 700 2239 δὲ
726 2170 884 2251 τοὺς
912 2174 1348 2257 ἐνοχλοῦντας
1375 2167 1810 2239 ἀποσείεσθαι
1838 2174 1911 2237 ἔκ
1936 2194 2009 2237 τε
2034 2174 2149 2255 τῆς

133 2314 194 2353 20
235 2270 498 2362 ἀγαθῆς
537 2274 985 2361 συνειδήσεως
1025 2280 1158 2361 ἔχει
1197 2272 1273 2341 τὰ
1317 2275 1733 2361 θαρραλέον,
1764 2274 1877 2341 καὶ
1916 2274 1989 2341 ἐκ
2026 2270 2147 2340 τοῦ

229 2376 324 2465 μὴ
346 2374 604 2447 ἀδικεῖν
631 2372 776 2444 ἀλλ’
815 2374 1196 2465 ἀμύνεσθαι
1217 2372 1501 2466 ὑπάρχει
1526 2373 1597 2445 τὸ
1631 2371 1883 2444 εὔελπι.
1914 2372 2148 2463 Ἀρτα-
2172 2389 2207 2443 5

231 2482 463 2571 ξέρξης
491 2478 664 2567 ἀνὴρ
691 2481 988 2568 Πέρσης,
1031 2478 1152 2549 τὸν
1183 2482 1430 2549 ἑαυτοῦ
1471 2478 1803 2566 δεσπότην
1827 2475 2151 2567 Ἀρτάβα-

229 2610 358 2653 νον
385 2580 779 2663 ἀποκτείνας
807 2582 928 2671 τήν
953 2608 1025 2650 τε
1065 2579 1278 2669 ἀρχὴν
1313 2587 1379 2663 ἐς
1416 2585 1683 2670 Πέρσας
1723 2578 2150 2669 μεταστήσας,

231 2683 406 2755 ἀλλὰ
430 2689 543 2757 καὶ
575 2692 712 2755 τῶν
735 2681 1075 2774 ἡμετέρων
1107 2680 1337 2754 ὅπλων
1364 2683 1875 2774 καταθαρρήσας
1902 2684 2014 2752 καὶ
2038 2688 2154 2770 τῆς

139 2822 197 2863 25
223 2787 568 2877 Ῥωμαίων
595 2788 789 2877 δόξης
813 2787 1361 2877 καταφρονήσας,
1388 2794 1694 2876 πειρᾶται
1728 2786 2152 2873 κατατρέχειν

233 2896 352 2962 καὶ
375 2899 824 2982 λυμαίνεσθαι
851 2889 932 2960 τὰ
949 2898 1062 2979 τῆς
1081 2887 1401 2980 ἡμετέρας
1428 2888 1631 2978 ἀρχῆς
1649 2890 1960 2977 κτήματα.
1991 2894 2152 2957 τοῦ-

233 3024 360 3066 τον
395 2995 766 3085 ἐπειράθην
811 2992 886 3064 τὸ
929 2994 1052 3084 μὲν
1088 3000 1353 3083 πρῶτον
1392 2994 1729 3082 γράμμασι
1766 2993 1881 3060 καὶ
1923 3000 2155 3061 πειθοῖ

233 3105 493 3169 παῦσαι
521 3106 636 3186 τῆς
662 3096 1001 3187 ἀπλήστου
1030 3105 1271 3186 μανίας
1298 3098 1410 3166 καὶ
1449 3102 1565 3183 τῆς
1604 3090 1974 3183 ἀλλοτρίων
2004 3097 2151 3163 ε’πι-

235 3209 522 3290 θυμίας·
555 3198 594 3271 ὃ
635 3202 710 3271 δὲ
736 3201 1054 3294 βαρβάρῳ
1081 3200 1450 3290 φερόμενος
1476 3195 1821 3289 ἀλαζονείᾳ
1851 3192 2007 3267 οὔτε
2032 3199 2153 3285 μέ-

147 3340 203 3381 ao
239 3332 392 3375 νειν
431 3314 605 3375 οἴκοι
637 3299 984 3395 βούλεται,
1027 3308 1461 3391 προκαλεῖταί
1497 3329 1571 3371 τε
1610 3297 1779 3389 ἡμᾶς
1820 3302 1885 3382 ἐς
1912 3300 2147 3390 μάχην.

237 3406 334 3497 μὴ
361 3405 446 3497 δὴ
474 3410 818 3496 μέλλωμεν
844 3405 1011 3494 μηδὲ
1043 3402 1380 3495 ὀκνῶμεν,
1427 3401 1572 3477 ἀλλ’
1606 3410 1675 3473 οἱ
1701 3404 1826 3492 μὲν
1853 3400 2151 3493 πρεσβύ-
2176 3424 2210 3481 6

237 3538 424 3601 τεροι
461 3507 654 3600 ὑμῶν
703 3505 1128 3598 ὗπομνήσατε
1181 3506 1463 3590 ἑαυτοὺς
1510 3515 1851 3601 τροπαίων
1898 3502 1940 3576 ἃ
1990 3502 2153 3596 μετὰ
2203 3505 2208 3509 ’
