2475 3859
906 180 1351 242 AEYTEPON
1995 178 2073 238 41

163 349 546 440 διαδοχήν),
574 354 671 419 ἔτι
691 348 768 419 δὲ
791 351 906 419 καὶ
928 347 1054 441 τὴν
1077 346 1337 421 ὕπατον
1376 348 1587 441 ἀρχὴν
1623 350 1891 431 τελέσας
1916 349 2077 421 δεύ-

156 482 384 544 τερον.
451 450 489 522 ὃ
528 455 609 523 δέ
631 448 825 523 “ἀλλ’
869 450 1101 535 αὐτός”
1145 460 1275 543 ἔφη
1308 449 1517 543 ῗ’“ἐγω’,
1548 450 1627 523 ὃν
1667 452 1753 523 σύ
1791 462 2079 543 νομίζεις

157 558 443 629 πάντων
468 553 863 644 ἀξιώτατον,
890 565 1004 628 σοί
1033 584 1108 627 τε
1133 563 1253 647 τῆς
1278 555 1485 649 ἀρχῆς
1513 564 1920 648 παραχωρῶ,
1964 560 2077 627 καὶ

157 666 390 731 πᾶσαν
415 658 540 749 τὴν
565 662 872 743 ἐξουσίαν
899 658 1044 749 ἐγώ·
1069 662 1179 729 καὶ
1217 667 1289 732 οἰ
1322 662 1543 731 λοιποὶ
1584 661 1826 742 πάντες
1862 677 2077 750 ψηφι-

83 800 120 842 5
159 763 420 853 ζόμεθά
443 782 548 833 σοι
576 761 930 843 διδόντες.”
985 762 1133 834 τότε
1173 764 1251 833 δὲ
1289 764 1562 835 πάντων
1600 761 1809 834 αὐτὸν
1850 768 2073 853 ἐκβια-

153 870 476 957 σαμένων
503 866 1092 956 ἐκλιπαρησάντων
1117 893 1188 936 τε
1202 920 1221 954 ,
1264 864 1487 937 ὀκνῶν
1511 870 1625 937 καὶ
1652 868 1841 957 μόλις
1876 865 2074 938 ἀνελ·

151 969 316 1042 θῶν
345 972 456 1041 ἐπὶ
480 968 600 1039 τὸν
625 977 970 1058 βασίλειον
995 971 1255 1061 θρόνον
1282 973 1461 1054 ἔλεξε
1485 971 1731 1043 τοιάδε.

359 1068 476 1142 “τό
503 1072 684 1143 πάνυ
712 1072 932 1156 δεξιὸν
955 1069 1149 1163 ὑμῶν
1173 1078 1291 1163 τῆς
1314 1074 1479 1164 πρός
1505 1103 1587 1164 με
1611 1078 1803 1163 τιμῆς
1837 1074 1953 1143 καὶ
1992 1070 2071 1143 τὸ
2098 1092 2133 1145 5

152 1182 276 1267 τῆς
321 1182 620 1267 σπουδῆς
659 1171 1084 1267 ὑπερβάλλον
1123 1178 1471 1248 ἐπίλεκτόν
1508 1206 1581 1248 τε
1625 1181 1690 1259 ἐς
1721 1176 2077 1266 πρόκρισιν

63 1310 126 1352 ιο
158 1279 490 1369 τοσαύτης
529 1277 689 1370 παρ’
733 1276 896 1370 ὑμῖν
937 1277 1315 1368 εὐγενείας,
1356 1278 1481 1352 οὐκ
1524 1288 1678 1370 ἔχον
1728 1287 2076 1361 κολακείας

151 1380 463 1468 ὑποψίαν
502 1380 671 1453 ἀλλά
719 1387 929 1467 δεῖξιν
968 1386 1082 1453 καὶ
1121 1392 1347 1455 πίστιν
1386 1381 1685 1471 εὐνοίας,
1726 1380 1905 1477 ἄλλῳ
1950 1383 2075 1472 μὲν

151 1486 243 1557 ἄν
271 1513 366 1581 τῳ
393 1485 642 1577 θάρσος
669 1488 781 1556 καὶ
809 1493 1204 1577 προθυμίαν
1229 1490 1547 1577 ἐνέβαλεν
1583 1492 1651 1568 ἐς
1688 1484 1763 1559 τὸ
1803 1490 2075 1575 ἑτοίμως

155 1593 482 1674 δέξασθαι
508 1588 589 1660 τὰ
606 1592 1161 1680 ἐγκεχειρισμένα,
1183 1594 1423 1661 ἐλπίδα
1447 1618 1520 1660 τε
1548 1589 1888 1682 ῥᾳστώνης
1904 1585 2069 1659 ὑπέ-

157 1720 382 1784 φηνεν
409 1688 494 1762 ἂν
533 1689 622 1773 ῶς
662 1691 966 1784 εὐμαρῶς
992 1691 1117 1782 τὴν
1149 1690 1360 1783 ἀρχὴν
1400 1699 1719 1764 διοίσοντι
1758 1696 1835 1762 ἐν
1872 1690 2071 1781 ἀρχο-

67 1820 124 1861 15
155 1799 388 1887 μένοις
413 1792 623 1877 οὕτως
651 1794 1039 1866 εὐνοοῦσιν·
1095 1798 1240 1885 ἐμοὶ
1280 1797 1354 1867 δὲ
1392 1802 1600 1866 ταῦτα
1626 1796 1880 1886 μεγάλα
1908 1793 2070 1864 ὄντα
2098 1810 2133 1866 6

154 1901 272 1969 καὶ
301 1902 599 1989 ἐξαίρετα
624 1906 816 1990 τιμῆς
840 1928 913 1969 τε
941 1908 1263 1987 αἴσθησιν
1288 1899 1655 1988 ἐκπλήττει,
1683 1902 1833 1979 δέος
1858 1925 1932 1968 τε
1959 1900 2073 1967 καὶ

154 2000 390 2091 ἀγῶνα
413 2000 496 2071 οὐ
523 2002 764 2094 μικρὸν
791 2007 1068 2091 ἐμποιεῖ.
1138 2002 1453 2091 μεγάλων
1496 1999 1624 2094 γὰρ
1666 1999 2072 2093 εὐεργεσιῶν

155 2112 740 2197 προϋπαρχουσῶν
764 2104 838 2175 τὸ
870 2104 1168 2194 ἰσότιμον
1197 2108 1604 2194 δυσέφικτον
1628 2108 1706 2176 ἐν
1720 2122 1865 2188 ταῖς
1879 2102 2069 2194 ἀμοι-

155 2216 309 2298 βαῖς
327 2259 346 2295 ,
375 2211 486 2277 καὶ
513 2207 718 2300 μικρὰ
745 2210 868 2298 μὲν
896 2213 1222 2295 λαβοῦσιν
1258 2206 1650 2279 ἀντιδοῦναι
1688 2217 1910 2298 μεῖζον
1950 2204 2073 2295 οὐχ

71 2332 125 2375 2⁰
157 2308 373 2393 οὕτως
399 2309 682 2402 εὐμαρὲς
723 2308 811 2392 ῶς
852 2309 1244 2401 εὐχάριστον
1283 2318 1503 2398 δοκεῖ,
1544 2307 1831 2401 ὁπηνίκα
1874 2308 1938 2382 δ’
1986 2306 2073 2381 ἂν

155 2412 192 2486 ὁ
219 2414 480 2504 πρῶτός
505 2443 569 2484 τι
597 2415 845 2505 δράσας
871 2411 1135 2502 ἀγαθὸν
1161 2412 1669 2505 ἀνυπέρβλητον
1702 2414 2073 2503 κατάθηται

153 2518 386 2608 χάριν,
412 2516 488 2588 τὸ
515 2516 604 2607 μὴ
633 2515 779 2587 κατ’
813 2516 1006 2601 ἀξίαν
1031 2514 1395 2589 ἀντιδοθὲν
1434 2515 1558 2606 οὐχ
1593 2515 1771 2589 οὕτω
1812 2518 2067 2589 δυσπό-

155 2641 386 2712 ριστον
413 2617 501 2701 ῶς
527 2618 941 2709 ἀναίσθητον
967 2616 1102 2709 ἅμα
1127 2622 1241 2690 καὶ
1267 2618 1626 2712 ἀχάριστον
1660 2620 2065 2712 ὀνομάζεται.

153 2720 292 2814 ὁρῶ
319 2721 404 2813 δὴ
425 2721 514 2794 οὐ
539 2721 656 2794 τὸν
682 2724 966 2813 τυχόντα
991 2750 1102 2813 μοι
1142 2726 1599 2813 ἐπηρτημένον
1637 2723 1865 2814 ἀγῶνα
1900 2721 2063 2814 πρὸς
2094 2742 2128 2798 7

77 2850 128 2892 25
154 2825 228 2897 τὸ
257 2824 446 2910 ἀξιον
473 2825 762 2916 ἐμαυτὸν
789 2842 1154 2916 παρασχεῖν
1177 2832 1295 2915 τῆς
1320 2826 1645 2916 τοσαύτης
1684 2823 1839 2916 παρ’
1876 2822 2071 2916 ὐμῶν

153 2936 369 3020 τιμῆς.
397 2928 482 2999 οὐ
508 2928 640 3021 γὰρ
668 2933 742 3000 ἐν
767 2934 849 3019 τῇ
877 2933 1182 3022 καθέδρᾳ
1206 2926 1251 3019 ἡ
1278 2936 1622 3021 προεδρία,
1651 2928 1798 3000 ἀλλ’
1832 2932 1906 2999 ἐν
1931 2944 2069 3008 τοῖς

155 3039 410 3125 ἔργοις,
441 3043 512 3105 ειῖ
528 3060 627 3113 τις
647 3030 862 3121 αὐτὴν
887 3030 975 3121 μὴ
1003 3034 1448 3121 καταισχύνει.
1504 3031 1637 3127 ὅσω
1666 3033 1742 3103 δὲ
1766 3030 1847 3102 τὰ
1872 3031 2064 3119 γενό-

155 3164 327 3225 μενα
369 3132 458 3217 ῶς
511 3142 740 3225 φαῦλα
776 3152 1061 3223 μισεῖται
1078 3188 1097 3222 ,
1124 3136 1419 3231 τοσούτω
1470 3135 1551 3206 τὰ
1604 3139 1928 3225 μέλλοντα
1980 3130 2069 3215 ῶς

154 3236 386 3327 ἀγαθὰ
410 3238 714 3328 μεγάλως
741 3241 1086 3323 ἐλπίζεται.
1139 3237 1360 3308 καὶτὰ
1396 3241 1523 3328 μὲν
1551 3236 1742 3309 δεινὰ
1777 3242 1914 3308 τῶν
1952 3244 2061 3327 ἔρ-

84 3374 127 3416 ao
156 3370 296 3430 γων
323 3339 432 3413 ἀεὶ
466 3340 953 3432 μνημονεύεται
994 3341 1096 3429 (vd
1134 3341 1265 3433 γὰρ
1309 3347 1617 3431 λυπῆσαν
1657 3341 2063 3412 δυσαπάλει-

66 3432 68 3443 ’
157 3449 374 3532 πτον),
401 3444 483 3515 τὰ
511 3446 586 3515 δὲ
610 3442 861 3536 χρηστὰ
901 3443 1036 3534 ἅμα
1071 3451 1153 3534 τῇ
1187 3443 1554 3515 ἀπολαύσει
1597 3448 1710 3515 καὶ
1748 3442 1872 3533 τὴν
1910 3446 2066 3534 περὶ

156 3544 378 3621 αὐτῶν
401 3548 670 3640 μνήμην
695 3555 1189 3636 συναναλίσκει,
1219 3551 1365 3619 ἐπεὶ
1390 3546 1482 3640 μὴ
1508 3544 1749 3640 ὁμοίως
1776 3545 2056 3640 εὐφραί-
2089 3568 2128 3623 8
