2475 3859
445 118 520 177 10
1211 119 1567 181 ΠΡΩΤΟΝ

439 290 716 385 τοιούτῳ
748 290 1052 381 μάρτυρι.
1082 293 1194 361 καὶ
1219 289 1301 361 τὰ
1326 291 1453 380 μὲν
1479 291 1807 383 πρότερον
1832 287 1995 381 ὑμῖν
2020 289 2362 383 ἀνδρείως

441 398 963 486 κατορθωθέντα
991 396 1056 474 ἐς
1081 392 1204 483 τὴν
1231 398 1497 465 ἐκείνου
1524 402 1770 484 σοφίαν
1795 422 1869 466 τε
1908 398 2021 465 καὶ
2062 417 2355 485 στρατη-

304 540 314 553 ·
440 506 597 587 γίαν
621 495 745 587 τὴν
771 494 1122 586 ἀναφορὰν
1150 504 1315 586 ἔχει·
1358 494 1481 567 ὅσα
1510 496 1575 567 δ’
1608 494 1695 568 ἄν
1730 497 1861 569 σύν
1902 500 2047 589 ἐμοὶ
2084 508 2366 589 βασιλεῖ’

439 604 569 695 νέῳ
610 600 976 691 προθύμως
1013 603 1467 691 ἐπιδείξησθε,
1506 601 1765 672 τούτων
1814 600 1939 693 τῆν
1976 602 2179 685 δόξαν
2232 610 2354 673 πί-
2414 612 2416 615 ⁴

379 716 416 771 8
437 703 641 785 στεῶς
666 731 739 773 τε
763 701 1024 792 ἀγαθῆς
1048 706 1162 773 καὶ
1201 702 1517 794 ἀνδρείας
1555 702 1939 777 ἄποίσεσθε.
2043 706 2120 776 τό
2154 734 2229 776 τε
2274 710 2355 777 ἐν
2380 728 2403 768 5

436 805 597 898 ἡμῖν
636 809 794 877 νέον
829 806 1224 895 σεμνότητος
1266 806 1645 899 πληρώσετε
1696 814 1778 900 τῇ
1816 815 1954 879 τῶν
2002 806 2355 900 ὑμετέρων

435 918 652 1001 ἔργων
677 907 1122 1002 ἀνδραγαθίᾳ.
1149 908 1226 980 τὸ
1247 911 1590 1002 βάρβαρον
1610 912 1686 983 δὲ
1714 916 1787 983 ἐν
1812 910 1981 1004 ἀρχῇ
2004 916 2161 993 νέας
2185 908 2347 1002 ἡγε-

434 1022 668 1104 μονίας
692 1014 1029 1085 κολασθὲν
1055 1010 1210 1083 οὔτε
1237 1018 1303 1095 ἐς
1334 1012 1409 1084 τὸ
1445 1012 1663 1105 παρὸν
1698 1016 2193 1106 καταθαρσῆσει
2232 1021 2352 1105 τῆς

432 1114 693 1207 ἡλικίας
711 1122 1249 1209 καταφρονῆσαν,
1264 1118 1347 1188 τά
1370 1145 1443 1187 τε
1462 1121 1787 1208 μέλλοντα
1813 1118 2178 1210 φοβήσεται
2207 1122 2350 1190 δέει

431 1226 572 1291 τῶν
599 1217 1162 1310 πεπειραμένων.”
2384 1251 2399 1290 ι

403 1410 414 1427 ἱ
635 1329 925 1393 τοσαῦτα
964 1319 1001 1393 ὅ
1037 1323 1391 1413 Κόμμοδος
1442 1322 1688 1411 εἰπῶν,
1740 1327 1853 1395 καὶ
1891 1325 2349 1415 μεγαλόφροσι

435 1435 718 1517 δωρεαῖς
743 1426 1096 1516 χρημάτων
1122 1425 1632 1516 οἰκειωσάμενος
1648 1427 1723 1498 τὸ
1750 1427 2245 1518 στρατιωτικόν,
2278 1432 2350 1510 ἐς

433 1529 558 1620 τὴν
583 1538 930 1620 βασίλειον
955 1532 1343 1619 ἐπανῆλθεν
1368 1527 1604 1621 αὐλήν.

376 1642 415 1705 6
641 1630 873 1721 ὀλίγου
911 1632 1034 1722 μὲν
1071 1624 1198 1703 οὖν
1229 1631 1411 1714 τινὸς
1445 1634 1692 1725 χρόνου
1731 1633 1949 1703 πάντα
1988 1633 2347 1725 ἐπράττετο

432 1743 516 1829 τῇ
541 1737 772 1826 γνώμῃ
799 1742 937 1807 τῶν
962 1735 1295 1830 πατρῴων
1322 1745 1572 1826 φίλων,
1602 1744 1669 1807 οἳ
1705 1738 2103 1827 πανημέριοι
2128 1742 2303 1826 συνῆ
2310 1780 2340 1790 -
2378 1766 2393 1805 ι

432 1862 562 1913 σαν
589 1838 770 1934 αὐτῷ
795 1837 876 1910 τὰ
899 1841 1205 1928 βέλτιστα
1242 1840 1845 1929 συμβουλεύοντες,
1875 1843 1989 1910 καὶ
2024 1845 2351 1911 τοσοῦτον

435 1945 812 2024 ἐνδιδόντες
837 1942 1079 2034 χρόνον
1116 1939 1277 2015 ὅσον
1316 1944 1615 2033 ἐνόμιζον
1650 1940 1949 2032 αὐτάρκη
1994 1941 2159 2032 πρὸς
2202 1944 2344 2013 σῶ-

433 2075 656 2138 φρονα
678 2052 800 2116 τοῦ
825 2046 1124 2137 σώματος
1150 2048 1550 2136 ἐπιμέλειαν.
1617 2044 2098 2136 παρεισδύντες
2126 2048 2206 2117 δέ
2236 2075 2343 2116 τι·

429 2178 545 2232 νες
569 2156 708 2220 τῶν
735 2152 844 2218 ἐπὶ
859 2154 975 2239 τῆς
999 2147 1205 2237 αὐλῆς
1222 2154 1504 2219 οἰκετῶν
1524 2153 1953 2238 διαφθείρειν
1979 2152 2345 2240 ἐπειρῶντο
2413 2160 2414 2181 ἶ

431 2255 591 2325 νέον
625 2244 795 2341 ἦθος
837 2255 1192 2341 βασιλέως,
1232 2249 1378 2321 ὅσοι
1415 2278 1488 2321 τε
1524 2251 1802 2331 κόλακες
1838 2255 2189 2343 τραπέζης,
2223 2255 2343 2323 καὶ
2375 2274 2409 2313 2⁰

431 2355 508 2435 τὸ
549 2352 870 2444 εὔδαιμον
914 2355 1147 2445 γαστρὶ
1199 2356 1313 2424 καὶ
1363 2370 1499 2435 τοῖς
1550 2361 1908 2443 αἰσχίστοις
1958 2362 2341 2447 μετροῦσιν,

431 2456 1044 2549 ὑπομιμνήσκοντες
1068 2453 1291 2528 ἀὐτὸν
1326 2462 1444 2545 τῆς
1488 2460 1563 2528 ἐν
1588 2454 1797 2548 Ῥῶμῃ
1836 2465 2127 2551 τρυφῆς,
2168 2458 2339 2529 θεά-

431 2562 603 2653 ματά
634 2590 707 2633 τε
745 2563 856 2631 καὶ
890 2558 1273 2649 ἀκούσματα
1312 2558 1561 2651 τερπνὰ
1606 2562 2069 2652 διηγούμενοι,
2103 2562 2225 2653 τήν
2263 2589 2340 2633 τε

427 2672 565 2737 τῶν
591 2668 987 2753 ἐπιτηδείων
1029 2668 1385 2745 δαψίλειαν
1412 2672 2014 2757 καταριθμοῦντες,
2056 2664 2332 2753 διαβάλ-

428 2772 656 2851 λοντές
681 2796 754 2839 τε
782 2772 1001 2837 πᾶσαν
1016 2764 1139 2855 τὴν
1157 2767 1267 2837 ἐπὶ
1285 2783 1429 2847 ταῖς
1442 2765 1680 2856 ὄχθαις
1695 2775 1819 2839 τοῦ
1848 2766 2106 2858 Ἴστρου
2129 2765 2329 2859 ῶραν,
2369 2792 2411 2833 23

431 2872 593 2964 μήτε
631 2869 898 2959 ὄπῶρας
937 2864 1232 2960 εὔφορον
1272 2871 1567 2961 κρυεράν
1600 2900 1674 2943 τε
1714 2869 1819 2942 ἀεὶ
1856 2873 1970 2941 καὶ
2004 2877 2331 2960 συννεφῆ.

287 3066 298 3079 ⁶
364 3000 400 3053 2
420 2972 549 3046 “οὐ
587 2969 842 3063 παύσῃ”
887 2971 964 3042 δὲ
1004 2978 1264 3061 ἔλεγον,
1296 2965 1397 3045 “ῶ
1437 2977 1755 3060 δέσποτα,
1798 2974 2225 3063 πηγνύμενόν
2258 3002 2331 3044 τε

428 3080 543 3149 καὶ
567 3074 1010 3168 ὀρυττόμενον
1039 3085 1259 3148 πίνων
1282 3074 1505 3168 ῧδωρς
1547 3076 1737 3149 ἄλλοι
1766 3079 1841 3148 δὲ
1878 3076 2331 3148 ἀπολαύσουσι

429 3186 664 3269 πηγῶν
701 3206 774 3247 τε
811 3185 1086 3268 θερμῶν
1123 3182 1236 3249 καὶ
1277 3187 1541 3271 ψυχροῦ
1589 3182 1877 3271 νάματος
1914 3178 2211 3271 ἄτμίδων
2257 3208 2330 3251 τε

428 3284 540 3353 καὶ
597 3279 816 3372 ἀέρων
871 3272 966 3353 ῶν
1017 3280 1259 3353 Ἰταλία
1306 3283 1476 3374 μόνη
1526 3282 1877 3375 εὔφορος;”
1919 3289 2192 3355 τοιαῦτα
2246 3284 2332 3375 δή
2366 3306 2413 3349 ³⁰

427 3411 579 3453 τινα
603 3389 700 3477 τῷ
723 3393 1044 3481 μειρακίῳ
1081 3382 1623 3477 ὑποτυπούμενοι
1662 3386 1934 3481 ἤγειρον
1972 3384 2180 3457 αὐτοῦ
2216 3384 2331 3468 τὰς

363 3496 402 3551 3
429 3484 672 3578 ὀρέξεις
699 3490 765 3569 ἐς
789 3486 912 3581 τὴν
935 3487 1201 3581 ἡδονῶν
1227 3495 1617 3582 ἐπιθυμίαν.
1722 3498 2081 3582 αἰφνιδίως
2108 3489 2181 3560 δὲ
2204 3516 2323 3559 κα-
