2475 3859
1040 120 1331 182 ΕΚΤΟΝ
2022 120 2137 181 151

209 291 499 380 Πέρσην
526 290 639 359 καὶ
673 292 828 383 περὶ
858 290 1126 381 εἰρήνης
1150 294 1265 362 καὶ
1283 295 1509 381 φιλίας
1528 290 1986 380 διαλέγεσθαι·
2018 289 2143 383 ἤλ-

211 402 372 477 πιζε
400 390 528 481 γὰρ
564 390 774 465 αὐτὸν
807 404 1066 465 πείσειν
1108 390 1152 483 ἢ
1191 395 1519 483 φοβήσειν
1556 390 1757 477 αὐτὸς
1797 392 2055 486 παρεόν.
2104 394 2141 466 ὁ
2236 413 2243 425 “

215 496 306 567 δὲ
348 496 686 586 βάρβαρος
722 496 880 579 τοὺς
917 498 1041 587 μὲν
1081 501 1393 589 πρέσβεις
1424 504 1567 567 τῶν
1599 494 1935 586 Ῥωμαίων
1977 495 2145 569 ἀπέ-

216 614 494 687 πεμψεν
522 596 930 688 ἀπράκτους,
978 598 1180 682 αὐτὸς
1214 602 1292 671 δὲ
1332 600 1795 689 ἐπιλεξάμενος
1829 628 2144 692 τετρακο-

141 724 176 763 6
213 710 418 782 σίους
443 709 732 791 Περσῶν
757 702 917 785 τοὺς
943 710 1329 793 μεγίστους,
1372 707 1617 793 ἐσθῆσί
1650 732 1723 773 τε
1752 708 2143 774 πολυτελέσι

211 806 340 875 καὶ
367 812 596 897 χρυσῷ
628 810 1162 895 κεκοσμημένους
1189 812 1413 877 ἵππων
1447 834 1519 877 τε
1544 808 1657 875 καὶ
1683 806 1893 889 τόξων
1924 835 2143 898 παρα-

215 915 470 997 σκευῇ,
517 912 826 997 πρέσβεις
877 916 1130 1000 ἔπεμψε
1184 908 1269 997 δὴ
1310 908 1479 1000 πρὸς
1522 908 1641 979 τὸν
1680 906 2138 1000 Ἀλέξανδρον,

209 1009 666 1099 καταπλήξειν
689 1015 948 1101 οἰηθεὶς
973 1011 1130 1093 τοὺς
1153 1009 1509 1101 Ῥωμαίους
1526 1019 1607 1103 τῇ
1634 1038 1707 1081 τε
1732 1008 1883 1099 ὄψει
1908 1016 2021 1083 καὶ
2048 1021 2140 1105 τῷ

212 1113 506 1202 σχήματι
545 1121 682 1183 τῶν
713 1122 1022 1207 Περσῶν.
1129 1121 1317 1205 ἔλεγε
1356 1112 1423 1185 δ’
1471 1112 1515 1205 ἡ
1557 1124 1879 1207 πρεσβεία
1912 1114 2015 1187 ὅτι
2054 1108 2137 1205 δὴ
2167 1142 2199 1193 5

125 1246 180 1286 ιο
215 1216 489 1287 κελεύει
526 1219 730 1307 μέγας
755 1217 1071 1307 βασιλεὺς
1095 1216 1515 1308 Ἀρταξέρξης
1550 1216 1961 1307 ἀφίστασθαι
1984 1216 2142 1289 Ῥω·-

215 1326 466 1408 μαίους
491 1348 564 1389 τε
599 1322 714 1390 καὶ
749 1318 869 1391 τὸν
913 1320 1199 1411 ἄρχοντα
1229 1319 1459 1391 αὐτῶν
1492 1330 1751 1412 Συρίας
1780 1350 1851 1391 τε
1886 1320 2141 1411 ἁπάσης

208 1420 441 1503 Ἀσίας
467 1450 540 1492 τε
563 1431 678 1513 τῆς
703 1421 1004 1515 Εὐρώπῃ
1033 1421 1523 1513 ἀντικειμένης,
1565 1429 1751 1495 ἐᾶσαι
1793 1428 1868 1495 δὲ
1912 1422 2141 1516 ἄρχειν

217 1528 492 1616 Πέρσας
515 1530 740 1616 μέχρις
771 1524 1022 1609 Ἰωνίας
1047 1555 1120 1597 τε
1147 1530 1260 1597 καὶ
1290 1534 1547 1618 Καρίας
1573 1518 1686 1597 καὶ
1722 1524 1847 1597 ὅσα
1876 1536 2139 1621 Αἰγαίῳ

219 1630 342 1699 καὶ
367 1629 610 1722 Πόντῳ
637 1636 808 1718 ἔθνη
837 1636 1218 1723 διαιρεῖται·
1270 1629 1445 1701 εἶναι
1482 1628 1611 1719 γὰρ
1642 1626 1813 1700 αὐτὰ
1850 1640 2139 1719 Περσῶν

129 1763 180 1804 15
215 1730 599 1821 προγονικὰ
621 1732 935 1821 κτήματα.
1037 1734 1315 1804 τοιαῦτά
1334 1742 1489 1803 ’τινα
1528 1739 1665 1802 τῶν
1692 1742 2136 1823 τετρακοσίων
2164 1745 2199 1799 6

215 1836 572 1925 πρέσβεων
597 1832 1162 1925 ἀπαγγειλάντων,
1181 1837 1442 1907 κελεύει
1468 1832 1505 1906 ὁ
1530 1832 1958 1927 Ἀλέξανδρος
1981 1835 2140 1919 τοὺς

215 1946 694 2028 τετρακοσίους
749 1946 1261 2030 συλληφθῆναι,
1292 1937 1415 2009 ’καὶ
1448 1937 1896 2028 παρελόμενος
1926 1940 2139 2028 πάσης

215 2049 341 2129 τῆς
367 2044 826 2132 περικειμένης
863 2049 1108 2131 σκευῆς
1141 2046 1206 2124 ές
1242 2048 1553 2132 Φρυγίαν
1586 2044 1939 2131 ἐξέπεμψε,
1974 2041 2138 2124 δοὺς

217 2144 450 2233 κώμας
475 2172 548 2215 τε
575 2152 788 2215 οἰκεῖν
825 2148 940 2235 καὶ
974 2145 1199 2235 χώραν
1240 2159 1600 2235 γεωργεῖν,
1640 2146 1968 2235 τοσαύτην
2009 2142 2137 2215 ai}-

125 2279 186 2319 20
220 2262 364 2329 τοῖς
391 2250 648 2329 ἐπιθεὶς
673 2255 1002 2337 τιμωρίαν
1019 2244 1108 2329 ὥς
1135 2254 1364 2319 οἴκαδε
1390 2246 1479 2337 μὴ
1508 2250 1938 2321 ἐπανελθεῖν·
1968 2246 2138 2319 ἄπο·-

213 2364 480 2421 κτεῖναι
507 2350 634 2441 γὰρ
677 2347 954 2422 ἀνόσιον
999 2353 1111 2421 καὶ
1145 2348 1228 2421 οὐ
1270 2351 1451 2421 πάνυ
1494 2348 1809 2439 ἀνδρεῖον
1844 2348 2135 2441 ἡγήσατο

217 2453 386 2543 μήτε
410 2455 821 2543 μαχομένους
851 2456 964 2524 καὶ
983 2452 1064 2524 τὰ
1089 2456 1541 2526 κελευσθέντα
1568 2450 1701 2525 ὑπὸ
1729 2462 1851 2527 τοῦ
1878 2458 2136 2525 ἑαυτῶν

219 2556 554 2627 δεσπότου
581 2554 1039 2645 ἀγγείλαντας.

425 2660 684 2729 τούτων
709 2656 796 2747 δὴ
823 2656 999 2729 οὕτω
1027 2659 1530 2749 πραττομένων,
1559 2660 2133 2748 παρασκευαζομέ-
2174 2673 2201 2727 7

131 2800 190 2841 25
223 2790 354 2833 νου
381 2789 454 2831 τε
488 2770 606 2832 τοῦ
645 2759 1086 2852 Ἀλεξάνδρου
1117 2763 1230 2831 καὶ
1258 2766 1573 2849 διαβῆναι
1610 2759 1767 2842 τοὺς
1803 2759 2137 2849 ποταμοὺς

223 2871 293 2945 ἔς
318 2893 390 2936 τε
419 2863 544 2954 τὴν
569 2864 914 2956 βάρβαρον
943 2871 1073 2954 γῆν
1099 2862 1218 2933 τὸν
1259 2860 1545 2954 στρατὸν
1582 2868 1960 2952 διαγαγεῖν,
1989 2866 2137 2953 ε’γέ-

221 2968 425 3038 νοντό
451 2996 626 3049 τινες
651 2971 766 3039 καὶ
803 2966 1198 3047 ἀποστάσεις
1235 2972 1691 3054 στρατιωτῶν,
1730 2962 1859 3035 ἀπό
1896 2991 1982 3063 τε.
2007 2972 2137 3035 Αἰ·-

223 3070 486 3161 γύπτου
513 3071 968 3160 ἐληλυθότων,
995 3067 1164 3139 ἀλλὰ
1189 3067 1324 3157 μὴν
1350 3069 1463 3138 καὶ
1490 3075 1627 3137 τῶν
1651 3066 1819 3137 κατὰ
1844 3076 2134 3159 Συρίαν,

221 3182 708 3263 καινοτομῆσαί
750 3202 900 3245 τινα
939 3172 1499 3263 ἐπιχειρησάντων
1556 3172 1711 3260 περὶ
1764 3170 1889 3260 τήν
1940 3179 2135 3259 βασι-

133 3316 192 3359 ³⁰
225 3283 418 3347 λείαν
434 3301 451 3318 ·
480 3286 550 3348 οἳ
571 3279 814 3365 ταχέως
835 3278 1267 3367 φωραθέντες
1294 3273 1775 3363 ἐκολάσθησαν.
1828 3271 1996 3343 ἀλλὰ
2023 3281 2143 3345 καί

221 3408 374 3451 τινα
415 3388 554 3451 τῶν
593 3382 1062 3472 στρατοπέδων
1100 3380 1496 3469 μετέστησεν
1534 3374 1573 3449 ὁ
1609 3375 2035 3468 Ἀλέξανδρος
2072 3380 2139 3458 ἐς
