2475 3859
927 190 1371 251 ΔΕΥΤΕΡΟΝ
2018 186 2099 249 43

166 362 588 453 γραφέντων
604 414 623 448 ,
676 355 1094 451 ὑπερήδοντο
1145 360 1419 449 πάντες,
1462 358 1711 450 σεμνὸν
1750 360 1861 429 καὶ
1900 356 2103 450 ἤπιον

170 465 476 555 ἄρχοντα
503 466 612 535 καὶ
641 467 912 555 πατέρα,
929 461 1011 535 οὐ
1037 467 1313 552 βασιλέα
1328 468 1503 547 ἕξειν
1530 468 1920 548 ἐλπίζοντες.
1949 463 2103 543 τούς

169 598 256 639 τε
284 566 418 659 γὰρ
446 567 847 657 στρατιώτας
875 570 1182 637 ἐκέλευσε
1208 568 1594 638 παύσασθαι
1620 575 1733 657 τῆς
1762 564 1927 658 πρὸς
1950 564 2105 647 τούς

175 672 482 761 δημότας
505 669 766 762 ὕβρεως
793 674 903 741 καὶ
930 671 1094 761 μήτε
1119 674 1419 753 πελέκεις
1446 674 1682 762 φέρειν
1706 668 1869 760 μετὰ
1884 686 2106 761 χεῖρας

113 813 143 853 5
183 775 359 866 μήτε
387 783 612 845 παίειν
638 772 792 845 τινά
817 779 953 845 τῶν
979 774 1381 865 παριόντων,
1396 782 1465 856 ἔς
1490 802 1563 845 τε
1589 774 1664 845 τὸ
1690 774 1967 862 κόσμιον
1993 776 2107 843 καὶ

181 877 516 951 εὔτακτον
533 878 854 968 μετάγειν
891 879 1106 951 πάντα
1135 882 1473 968 ἐπειρᾶτο,
1513 884 1590 948 ἔν
1625 906 1697 948 τε
1734 894 1877 958 ταῖς
1902 876 2100 967 προό·

183 990 334 1062 δοις
361 983 472 1051 καὶ
497 999 634 1063 τοῖς
661 988 1108 1073 δικαστηρίοις
1125 988 1341 1072 πρᾶον
1354 984 1465 1051 καὶ
1482 979 1731 1073 ἥμερον
1761 972 1924 1070 ἦθος
1950 984 2102 1051 ἐπε-

184 1093 526 1157 δείκνυτο.
630 1087 742 1156 καὶ
769 1090 884 1174 τῆς
909 1084 1202 1176 Μάρκου
1227 1083 1432 1176 ἀρχῆς
1468 1085 1639 1179 ζήλῳ
1665 1112 1738 1155 τε
1762 1086 1875 1154 καὶ
1901 1084 2101 1175 μιμή-ι
2134 1094 2168 1146 2

186 1211 296 1260 σει
336 1184 491 1269 τοὺς
516 1189 640 1277 μὲν
665 1192 1158 1279 πρεσβυτέρους
1195 1184 1721 1279 ὑπομιμνήσκων
1760 1184 2108 1277 εὔφραινε,

101 1325 154 1366 ιο
189 1289 354 1373 τούς
395 1289 456 1361 δ’
489 1289 733 1373 ἄλλους
773 1291 1027 1373 πάντας
1060 1295 1132 1375 ,ἐξ
1173 1290 1353 1381 ὠμῆς
1391 1295 1503 1362 καὶ
1542 1295 1954 1383 ἐφυβρίστου
1990 1318 2107 1361 τυ·

192 1400 512 1487 ραννίδος
553 1398 619 1475 ἐς
662 1393 981 1485 σώφρονα
1021 1397 1132 1465 καὶ
1161 1392 1526 1485 ἀμέριμνον
1565 1403 1718 1485 βίον
1744 1396 2109 1485 μεταχθέν-

189 1526 314 1579 τας
343 1500 550 1589 ῥᾷστα
579 1501 646 1579 ἐς
676 1496 948 1569 εὔνοιαν
965 1495 1361 1591 ᾠκειώσατο.
1391 1505 1507 1589 τῆς
1533 1527 1605 1568 τε
1630 1493 1883 1589 ἡμέρου
1904 1495 2114 1587 ’ἀρχῆς

193 1599 240 1692 ἡ
256 1601 460 1691 ’φήμη
488 1604 857 1672 διαθέουσα
885 1601 1099 1673 πάντα
1117 1609 1286 1690 ἔθνη
1314 1604 1425 1671 καὶ
1442 1602 1657 1673 πάντα
1674 1600 2111 1693 στρατόπεδα,

195 1703 324 1777 ὅσα
362 1732 435 1773 τε
477 1700 814 1795 Ῥωμαίοις
859 1700 1122 1795 ὑπήκοα
1163 1707 1277 1775 καὶ
1327 1702 1449 1775 ὅσα
1490 1713 1689 1793 φίλα,
1744 1704 2115 1787 ἐκθειάζειν

113 1839 162 1881 15
199 1806 412 1879 αὐτοῦ
437 1804 561 1895 τὴν
587 1805 799 1899 ἀρχὴν
835 1814 1130 1877 ἔπειθεν.
1235 1804 1405 1877 ἀλλὰ
1442 1805 1577 1896 μὴν
1616 1809 1728 1876 καὶ
1765 1813 1902 1877 τῶν
1942 1812 2107 1895 βαρ-
2140 1825 2176 1880 3

202 1910 437 2002 βάρων
463 1907 603 1981 ὅσοι
631 1911 956 2001 πρότερον
982 1907 1349 2000 ἀφηνίαξον
1388 1904 1431 1999 ἦ
1470 1913 1885 1996 ἐστασίαζον,
1926 1908 2117 2001 φόβῳ

201 2044 278 2085 τε
302 2016 416 2083 καὶ
442 2012 665 2105 μνήμῃ
692 2019 807 2103 τῆς
835 2017 910 2083 ἐν
935 2030 1078 2094 ταῖς
1117 2015 1469 2104 προτέραις
1506 2010 1714 2084 αὐτοῦ
1748 2019 2121 2103 στρατείαις

204 2116 445 2209 ἀρετῆς
463 2168 482 2203 ,
511 2126 728 2187 πίστει
756 2144 828 2186 τε
853 2116 1123 2207 γνώμης
1162 2114 1264 2190 ὅτι
1304 2116 1560 2206 μηδένα
1600 2112 1772 2187 ἑκτὸν
1816 2113 2120 2206 ἀδικήσει

207 2222 400 2307 ποτέ,
429 2220 680 2315 ἑκάστῳ
709 2218 786 2290 τὸ
813 2218 959 2289 κατ’
992 2217 1184 2303 ἀξίαν
1209 2217 1598 2309 ἀπονέμων,
1626 2219 1888 2310 χάριτος
1914 2216 2118 2309 ἀπρε-

121 2349 180 2392 20
213 2329 382 2405 ποῦς
396 2326 508 2393 καὶ
534 2331 685 2413 βίας
703 2322 884 2413 ὠμῆς
909 2321 1273 2415 ἀλλότριος,
1289 2324 1551 2404 ἑκόντες
1576 2320 1757 2417 αὐτῷ
1785 2322 2121 2414 προσεχώ-

211 2456 399 2517 ρουν.
429 2435 783 2517 πρεσβεῖαί
801 2454 874 2497 τε
903 2427 1330 2515 πανταχόθεν
1357 2424 1802 2515 ἀφικνοῦντο,
1832 2431 2121 2517 συνηδο-

211 2532 436 2621 μένων
463 2526 778 2601 ἁπάντων
806 2535 888 2620 τῇ
918 2525 1255 2619 Ῥωμαίων
1278 2525 1412 2601 ὑπὸ
1438 2536 1805 2620 Περτίνακι
1833 2527 2022 2620 ἀρχῇ.

415 2638 486 2705 οἱ
529 2634 654 2723 μὲν
706 2624 832 2704 οὖν
868 2630 1056 2705 ἄλλοι
1097 2633 1341 2713 πάντες
1375 2630 1728 2724 ἅνθρωποι
1766 2635 1879 2702 καὶ
1928 2634 2127 2720 κοινῇ
2152 2649 2189 2702 4

215 2739 328 2808 καὶ
357 2742 497 2828 ἰδίᾳ
531 2742 626 2831 τῷ
669 2734 962 2828 εὖτάκτῳ
1000 2738 1112 2806 καὶ
1147 2732 1371 2829 ἡμέρῳ
1408 2742 1525 2825 τῆς
1566 2742 1905 2825 βασιλείας
1947 2741 2124 2823 ἔχαι-

130 2872 186 2913 2⁶
221 2862 372 2929 ρον·
403 2836 441 2909 ὃ
467 2840 541 2910 δὲ
569 2839 820 2920 πάντας
848 2838 1192 2930 εὔφραινε,
1221 2845 1415 2909 τοῦτο
1440 2838 1689 2928 μόνους
1717 2838 1948 2909 ἐλύπει
1972 2834 2128 2917 τούς

222 2946 296 3013 ἐν
318 2948 399 3032 τῇ
424 2938 634 3032 Ῥώμῃ
662 2942 1095 3033 στρατιώτας,
1125 2950 1192 3013 οἳ
1217 2948 1626 3034 δορυφορεῖν
1668 2940 1949 3012 εἰώθασι
1974 2937 2129 3019 τοὺς

223 3048 550 3134 βασιλέας.
605 3047 1020 3136 κωλυόμενοι
1047 3043 1177 3134 γάρ
1203 3040 1520 3135 ἁρπάζειν
1544 3072 1617 3113 τε
1657 3047 1769 3114 καὶ
1810 3040 2130 3133 ὑβρίζειν,

226 3155 292 3229 ἔς
342 3176 413 3219 τε
456 3148 532 3219 τὸ
589 3147 906 3220 εὔτακτον
958 3151 1071 3219 καὶ
1123 3148 1403 3237 κόσμιον
1443 3146 2005 3235 ἀνακαλούμενοι,
2056 3142 2132 3215 τὸ

227 3258 441 3342 πρᾶον
467 3253 578 3323 καὶ
607 3250 856 3341 ἥμερον
882 3256 1000 3340 τῆς
1025 3250 1226 3341 ἀρχῆς
1252 3248 1458 3340 ὕβριν
1483 3246 1709 3320 αὑτῶν
1734 3252 1846 3319 καὶ
1865 3247 2135 3338 ἀτιμίαν

143 3382 194 3423 ao
224 3362 625 3448 καθαίρεσίν
640 3384 712 3425 τε
737 3362 853 3445 τῆς
869 3353 1109 3427 ἀνέτου
1137 3358 1435 3437 ἐξουσίας
1460 3360 1855 3443 νομίζοντες,
1872 3349 1997 3441 τὴν
2022 3356 2137 3438 τῆς

227 3456 425 3549 ἀρχῆς
451 3456 574 3531 οὐκ
615 3465 862 3549 ἔφερον
889 3456 1215 3541 εὐταξίαν.
1272 3454 1439 3527 ἀλλά
1464 3454 1545 3527 τὰ
1570 3456 1695 3546 μὲν
1729 3460 1956 3547 πρῶτα
1983 3449 2129 3523 κατ’
2164 3474 2197 3528 5

227 3560 454 3649 ὀλίγον
479 3559 808 3652 ὀκνηρούς
830 3589 902 3633 τε
927 3563 1040 3633 καὶ
1077 3558 1385 3641 ἀπειθεῖς
1408 3556 1654 3641 αὑτοὺς
1690 3576 1828 3641 τοῖς
1865 3566 2135 3633 κελευο-
