2475 3859
889 137 1323 198 ΕΒΔΟΜΟΝ
1818 125 1825 133 ’
1941 137 2057 196 171

143 319 386 382 ελθεῖν
429 309 810 397 θελόντων,
859 315 930 379 oc
969 311 1042 379 ἐκ
1081 315 1218 380 τῶν
1266 302 1493 397 ἀγρῶν
1532 303 2065 396 κατεληλυθότες

142 413 640 503 προβαλόμενοι
681 412 764 484 τά
807 440 880 482 τε
921 413 1086 496 ξύλα
1129 413 1243 482 καὶ
1283 409 1441 491 τούς
1476 413 1809 500 πελέκεις,
1850 407 2063 500 ὑπερ-

142 517 515 606 μαχόμενοι
549 522 690 586 τῶν
728 522 1101 604 δεσποτῶν,
1149 513 1309 595 τοὺς
1349 511 1773 594 ἀνθεστῶτας
1816 517 2063 612 ῥᾳδίως

145 621 537 708 ἐτρέψαντο.
607 615 784 688 οὕτω
826 616 912 708 δὴ
956 618 1509 708 προχωρήσαντος
1548 624 1670 688 τοῦ
1714 623 1948 706 ἔργον,
1994 622 2063 686 οί
2078 625 2116 686 5

91 758 126 799 ις
153 730 507 794 νεανίσκοι
541 719 710 804 ἅπαξ
749 725 824 792 ἐν
863 719 1240 811 ἀπογνώσει
1280 720 1627 810 γενόμενοι
1659 720 1873 811 μόνην
1902 717 2065 810 ᾔδε-

143 847 282 896 σαν
309 827 568 907 ἑαυτοῖς
595 831 930 915 σωτηρίαν
955 822 1427 914 ὑπάρχουσαν,
1456 830 1521 894 εἰ
1540 822 1623 893 τὰ
1646 824 2061 912 τολμηθέντα

145 925 384 1010 αὐτοῖς
427 925 784 1018 αύξήσαιεν
827 935 1046 1018 ἔργοις
1096 935 1347 1018 μείζοσι
1396 928 1509 998 καὶ
1561 925 1895 998 κοινωνὸν
1946 931 2067 997 τοῦ

144 1031 486 1102 κινδύνου
528 1030 648 1102 τὸν
689 1029 1068 1121 ἡγούμενον
1118 1039 1240 1101 τοῦ
1296 1036 1543 1112 ἔθνους
1594 1028 2067 1119 παραλάβοιεν,

149 1141 296 1206 πᾶν
326 1161 400 1204 τε
426 1125 500 1204 τὸ
527 1141 726 1216 ἔθνος
745 1132 1176 1206 ἀναπείσαιεν
1196 1137 1262 1214 ἐς
1290 1129 1686 1204 ἀπόστασιν·
1718 1129 1881 1221 ὅπερ
1908 1129 2071 1223 ᾔδε-

61 1277 120 1318 m
151 1258 286 1308 σαν
311 1238 514 1308 πάλαι
551 1238 674 1327 μὲν
715 1235 1032 1326 εὔχεσθαι
1072 1245 1253 1328 μίσει
1293 1239 1715 1325 Μαξιμίνου,
1762 1235 1953 1328 φόβῳ
1995 1235 2071 1306 δὲ

151 1340 564 1410 κωλύεσθαι.
619 1339 750 1411 σὺν
775 1343 976 1412 παντὶ
1003 1349 1241 1412 τοίνυν
1277 1346 1370 1434 τῷ
1408 1339 1657 1429 πλήθει
1696 1336 1824 1428 ἤδη
1856 1357 2065 1428 μεσα-’
2091 1357 2125 1410 2

153 1443 398 1532 ζούσης
423 1439 668 1534 ἡμέρας
708 1447 974 1515 ἐπίασιν
1007 1446 1117 1514 ἐπὶ
1155 1439 1281 1530 τὴν
1320 1450 1441 1512 τοῦ
1480 1440 2069 1524 ἀνθυπατεύοντος

153 1549 402 1618 οἰκίαν.
454 1546 826 1636 Γορδιανὸς
849 1548 974 1635 μὲν
997 1538 1084 1636 ἦν
1110 1543 1357 1633 ὄνομα,
1386 1545 1611 1637 κλήρῳ
1638 1545 1763 1632 μὲν
1792 1543 1917 1634 τὴν
1944 1542 2069 1616 ἀν-
2122 1569 2128 1588 ¹

154 1656 538 1720 θυπατείαν
565 1651 806 1738 λαχών,
827 1649 1200 1739 πρεσβύτης
1223 1648 1300 1718 δὲ
1328 1651 1394 1728 ἐς
1420 1655 1564 1728 ἔτος
1592 1644 1721 1736 ἤδη
1750 1655 1911 1738 περί
1936 1675 2071 1718 που

75 1785 124 1825 15
161 1750 616 1842 ὀγδοηκοστὸν
655 1753 1020 1842 ἐληλακῶς,
1061 1759 1331 1823 πολλῶν
1373 1751 1451 1832 δὲ
1500 1751 1833 1840 πρότερον
1871 1747 2071 1840 ἄρξας

155 1860 388 1926 ἐθνῶν
415 1862 490 1925 ἔν
521 1883 593 1926 τε
618 1857 890 1946 πράξεσι
922 1863 1258 1945 μεγίσταις
1296 1857 1687 1938 ἐξετασθείς.
1744 1850 1915 1925 ὅθεν
1943 1850 2071 1922 αύ-

155 1959 280 2028 τόν
301 1987 394 2030 ,τε
433 1955 646 2047 ἡδέως
687 1956 1136 2042 ὑποδέξεσθαι
1172 1955 1297 2047 τὴν
1336 1954 1548 2046 ἀρχὴν
1596 1953 1805 2049 ᾤοντο
1846 1952 2069 2042 ῶσπερ

157 2077 539 2151 κορυφαῖον
564 2066 752 2144 τέλος,
771 2069 907 2132 τῶν
939 2063 1449 2152 προγενομένων
1476 2060 1814 2149 πράξεων,
1844 2058 1967 2148 τήν
1998 2087 2072 2128 τε

159 2164 538 2254 σύγκλητον
573 2168 687 2236 καὶ
739 2165 858 2235 τὸν
889 2162 1226 2254 Ῥωμαίων
1276 2169 1489 2252 δῆμον
1546 2159 1845 2251 ἀσμένως
1886 2164 2073 2245 δέξε-

77 2297 132 2337 2⁰
165 2278 334 2338 σθαι
373 2265 590 2358 ἄνδρα
629 2259 708 2338 εὖ
747 2268 1070 2358 γεγονότα
1109 2269 1222 2337 καὶ
1272 2271 1347 2337 ἐκ
1388 2273 1655 2336 πολλῶν
1694 2261 2073 2355 ἡγεμονιῶν

165 2367 390 2461 ῶσπερ
417 2368 564 2440 κατ’
597 2367 1012 2442 ἀκολουθίαν
1031 2373 1140 2440 ἐπὶ
1164 2375 1361 2440 τοῦτο
1378 2369 1685 2440 ἐλθόντα.
1714 2371 2071 2459 συνέβαινε
2100 2396 2137 2450 3

165 2475 242 2546 δὲ
269 2477 530 2562 ἐκείνης
557 2481 670 2562 τῆς
703 2471 981 2563 ἡμέρας,
1009 2463 1087 2563 ἧς
1121 2480 1330 2544 ταῦτα
1357 2471 1729 2562 ἐπράττετο,
1758 2483 1929 2543 οἴκοι
1955 2472 2075 2544 τὸν

164 2575 542 2665 Γορδιανὸν
583 2582 950 2667 διατρίβειν
975 2573 1401 2665 ἡσυχάζοντα,
1435 2574 1773 2646 δεδωκότα
1793 2591 1930 2656 τοῖς
1954 2603 2079 2646 κα·-

166 2679 396 2769 μάτοις
421 2676 816 2751 ἀνάπαυλαν
843 2677 1084 2771 ἀργίαν
1102 2707 1176 2750 τε
1193 2695 1335 2760 ταῖς
1360 2678 1695 2767 πράξεσιν.
1726 2683 1797 2747 οἱ
1818 2677 1895 2746 δὲ
1918 2705 2079 2747 νεα-

81 2815 138 2856 25
171 2789 394 2854 νίσκοι
437 2782 738 2872 ξιφήρεις
788 2781 922 2854 σὺν
965 2784 1164 2852 παντὶ
1215 2789 1308 2874 τῷ
1362 2781 1641 2869 πλήθει,
1684 2779 2077 2868 βιασάμενοι

169 2884 328 2967 τοὺς
353 2901 496 2966 ταῖς
533 2883 832 2967 αὐλείαις
868 2889 1273 2975 ἐφεστῶτας,
1318 2883 1831 2972 εἰσπηδήσαντες
1870 2910 2077 2952 κατα-

171 2987 632 3078 λαμβάνουσιν
671 2987 880 3060 αὐτὸν
925 2991 1041 3058 ἐπί
1069 3015 1248 3069 τινος
1290 2991 1691 3075 σκιμποδίου
1732 2981 2079 3056 ἀναπαυό-

170 3119 408 3182 μενον,
455 3093 882 3184 περιστάντες
935 3091 1012 3162 δὲ
1059 3090 1347 3179 χλαμύδι
1400 3094 1721 3180 πορφυρᾷ
1754 3087 2077 3178 περιβάλ-

171 3203 364 3265 λουσι
397 3200 782 3283 σεβασμίαις
807 3221 880 3264 τε
901 3210 1118 3283 τιμαῖς
1146 3191 1777 3283 προσαγορεύουσιν.
1807 3186 1846 3260 ὃ
1872 3191 1949 3262 δὲ
1976 3198 2069 3284 τῶ
2102 3215 2139 3270 4

88 3329 144 3372 ³⁰
177 3297 526 3390 παραδόξῳ
555 3305 676 3366 τοῦ
705 3297 1080 3387 πράγματος
1111 3299 1481 3384 ἐκπλαγείς,
1509 3297 1789 3383 ἐνέδραν
1815 3296 1929 3364 καὶ
1951 3317 2079 3365 συ-

173 3399 424 3488 σκευὴν
451 3403 517 3482 ἐξ
537 3403 892 3490 ἐπιβουλῆς
929 3398 1090 3469 καθ’
1125 3402 1371 3469 ἑαυτοῦ
1396 3406 1705 3487 νομίζων,
1732 3401 1932 3486 ῥίψας
1948 3394 2084 3468 ἀπὸ

175 3511 293 3574 τοῦ
321 3508 686 3592 σκίμποδος
714 3506 778 3585 ἐς
804 3509 932 3591 γῆν
959 3501 1200 3574 ἑαυτὸν
1225 3505 1437 3574 ἐδεῖτο
1457 3508 1817 3592 φείδεσθαι
1842 3502 2085 3594 γέρον·
