2475 3859
817 154 830 169 '
950 156 1308 218 HPszToN
1994 156 2070 215 15

161 332 396 421 βόλων
420 334 836 424 Πομπηιανῷ
863 324 898 398 ὁ
927 328 1144 420 πατὴρ
1172 331 1429 412 ἐξέδοτο
1455 322 1685 417 αὐτήν.
1728 325 1931 397 οὐδὲν
1956 317 2070 417 ἦτ-
2100 344 2137 397 4

161 463 288 505 τον
331 437 558 523 μέντοι
595 434 708 502 καὶ
747 428 784 502 ὁ
826 433 1178 521 Κόμμοδος
1215 430 1543 521 ἐφύλαττε
1592 428 1707 513 τὰς
1758 427 1947 521 τιμὰς
1996 437 2077 521 τῇ

161 537 434 628 ἀδελφῇ
451 560 467 577 ·
496 534 762 626 καὶγὰρ
793 538 902 605 ἐπὶ
939 541 1060 606 τοῦ
1098 542 1443 624 βασιλείου
1480 533 1740 625 θρόνου
1776 539 2075 623 καθῆστο

163 645 243 711 ἐν
283 657 424 722 τοῖς
463 640 804 731 θεάτροις,
841 642 956 709 καὶ
992 637 1068 709 τὸ
1119 644 1258 731 πῦρ
1297 637 1807 728 προεπόμπευεν
1851 634 2072 727 αὐτῆς.
2106 624 2119 638 ⁰

106 775 134 813 ε
164 748 318 815 ἐπεὶ
363 744 438 814 δὲ
495 740 532 814 ὁ
586 744 937 834 Κόμμοδος
989 758 1283 831 γυναῖκα
1332 739 1615 832 ἠγάγετο
1632 794 1651 830 ,
1695 750 2077 834 Κρισπῖναν

162 848 382 937 ὄνομα
396 899 414 934 ,
453 845 712 936 ἀνάγκη
750 874 823 917 τε
865 848 1128 934 ἐγένετο
1164 843 1291 935 τὴν
1335 853 1701 937 προεδρίαν
1750 843 2074 934 ἀπονέμε-

162 963 336 1021 σθαι
361 955 442 1040 τῇ
481 956 604 1020 τοῦ
641 950 1112 1039 βασιλεύοντος
1149 957 1455 1037 γυναικί,
1496 948 1851 1040 δυσφόρως
1884 955 2079 1019 τοῦτο

164 1044 471 1144 φέρουσα
509 1050 920 1143 ἡΛουκίλλα
936 1104 956 1141 ,
993 1054 1106 1123 καὶ
1145 1049 1271 1141 τὴν
1311 1055 1567 1141 ἐκείνης
1606 1052 1807 1143 τιμὴν
1842 1056 2079 1141 ἑαυτῆς

165 1155 378 1248 ῦβριν
401 1164 760 1245 νομίζουσα
773 1209 793 1244 ,
820 1155 941 1227 τὸν
967 1157 1091 1246 μὲν
1119 1158 1357 1244 ἑαυτῆς
1396 1153 1611 1246 ἄνδρα
1634 1154 2079 1246 Πομπηιανὸν

85 1288 134 1329 ιο
171 1266 397 1332 εἰδυῖα
448 1257 810 1348 ἀγαπῶντα
858 1257 977 1329 τὸν
1026 1258 1388 1349 Κόμμοδον
1402 1312 1421 1346 ,
1465 1257 1669 1331 οὐδὲν
1704 1257 1887 1354 αὐτῷ
1924 1262 2079 1349 περὶ

167 1366 538 1444 ἐπιθέσεως
555 1370 672 1453 τῆς
695 1361 898 1453 ἀρχῆς
915 1360 1408 1450 ἀνακοινοῦται,
1429 1363 1783 1453 Κοδράτου
1804 1367 1901 1451 δέ,
1919 1391 2074 1433 νεα-

165 1475 410 1538 νίσκου
437 1464 756 1555 εὐγενοῦς
794 1464 974 1547 τινὸς
999 1468 1111 1537 καὶ
1138 1474 1497 1553 πλουσίου,
1526 1465 1635 1557 ἐφ’
1668 1457 1751 1538 οὗ
1776 1469 1888 1537 καὶ
1916 1475 2075 1537 λαν-

166 1570 478 1659 θανούσῃ
531 1576 860 1663 συνουσία
908 1570 1293 1659 διεβάλλετο
1308 1622 1327 1656 ,
1368 1586 1609 1661 πεῖραν
1650 1576 1765 1661 τῆς
1813 1569 2080 1659 γνώμης

169 1673 639 1763 λαμβάνουσα,
678 1681 838 1764 περί
871 1700 945 1743 τε
986 1680 1104 1763 τῆς
1151 1679 1507 1764 προεδρίας
1544 1679 1843 1762 συνεχως
1892 1672 2076 1743 ἀπω-

93 1808 139 1850 15
175 1777 450 1866 δύρετο,
477 1780 592 1845 καὶ
627 1774 774 1846 κατ’
804 1774 1034 1864 ὀλίγον
1060 1774 1369 1847 ἀνέπεισε
1406 1774 1525 1845 τὸν
1550 1785 1905 1847 νεανίσκον
1932 1773 2077 1847 ὀλέ-

169 1892 334 1971 θρια
363 1878 860 1968 βουλεύσασθαι
891 1883 1105 1973 ἑαυτῷ
1139 1906 1211 1948 τε
1251 1881 1363 1948 καὶ
1396 1878 1573 1967 πάσῃ
1600 1885 1681 1968 τῇ
1708 1880 2075 1971 συγκλήτῳ.

171 1983 562 2072 συνωμότας
612 1981 740 2073 γὰρ
781 1986 1032 2063 ἐκεῖνος
1073 1987 1188 2071 τῆς
1229 1985 1587 2071 ἐπιβουλῆς
1622 1980 1851 2071 λαβών
1887 2010 2071 2061 τινας
2104 2003 2135 2053 5

171 2092 309 2156 τῶν
337 2086 696 2174 ἐξεχόντων
710 2139 729 2172 ,
757 2084 1116 2157 ἀναπείθει
1156 2092 1513 2155 νεανίσκον
1536 2085 1709 2171 τινά,
1736 2089 1848 2156 καὶ
1874 2082 2081 2155 αὐτὸν

174 2188 333 2259 ὄντα
359 2194 474 2278 τῆς
499 2194 781 2279 βουλῆς,
810 2186 1224 2259 Κυιντιανὸν
1251 2187 1490 2279 ὄνομα,
1520 2196 1814 2279 προπετῆ
1856 2190 1931 2259 δὲ
1968 2191 2079 2258 καὶ

95 2321 150 2363 2⁰
179 2292 466 2382 θρασύν,
486 2292 776 2382 λαβόντα
803 2296 1203 2385 ἐγχειρίδιον
1227 2288 1363 2362 ὑπὸ
1388 2292 1663 2380 κόλπου,
1682 2290 1919 2384 καιρὸν
1944 2320 2078 2382 φυ-

90 2400 102 2411 ’
175 2396 460 2479 λάξαντα
485 2398 598 2465 καὶ
620 2396 829 2465 τόπον
856 2396 1236 2487 ἐπιτήδειον
1272 2399 1617 2467 ἐπιπεσεῖν
1650 2424 1721 2467 τε
1759 2403 1854 2490 τῷ
1891 2406 2075 2485 Κομ-
2097 2419 2110 2429 ’

177 2498 358 2591 μόδω
385 2501 497 2569 καὶ
525 2504 852 2587 φονεῦσαι
867 2550 886 2584 ,
925 2497 1006 2570 τὰ
1034 2495 1232 2569 λοιπὰ
1258 2499 1475 2589 φήσας
1507 2496 1705 2581 αὐτὸς
1730 2498 2073 2587 κατορθώ-

177 2612 416 2671 σεσθαι
443 2603 794 2693 χρημάτων
820 2603 1134 2673 ἐπιδόσει.
1242 2598 1281 2671 ὃ
1308 2600 1371 2673 δ’
1404 2599 1694 2683 ὑποστὰς
1733 2606 1808 2672 ἐν
1842 2606 1925 2691 τῇ
1961 2608 2079 2672 τοῦ
2110 2618 2144 2672 6

178 2702 642 2796 ἄμφιθεάτρου
670 2704 910 2801 εἰσόδῳ
937 2704 1271 2796 (ζοφώδης
1310 2706 1387 2776 δὲ
1424 2703 1624 2796 αῦτη,
1664 2703 1770 2775 διὸ
1810 2706 1923 2774 καὶ
1960 2705 2075 2793 λή-

101 2838 150 2880 2⁶
185 2818 420 2877 σεσθαι
461 2806 754 2898 ἤλπισε),
786 2810 1140 2898 γυμνώσας
1175 2807 1253 2879 τὸ
1289 2812 1585 2898 ξιφίδιον
1597 2861 1617 2896 ,
1660 2807 1970 2879 ἐπελθών
2008 2834 2080 2877 τε

179 2916 532 2999 αἰφνιδίως
555 2917 651 3005 τῷ
674 2912 1007 3007 Κομμόδφ
1027 2965 1048 3001 ,
1086 2914 1200 2983 καὶ
1225 2912 1477 3003 μεγάλῃ
1506 2919 1704 3003 φωνῇ
1740 2908 2082 3002 προειπών

177 3009 308 3083 ὑπὸ
332 3019 450 3103 τῆς
485 3014 862 3105 συγκλήτου
901 3013 1082 3111 αὐτῷ
1127 3020 1631 3106 ἐπιπεπέμφθαι
1644 3067 1663 3102 ,
1702 3020 1951 3106 τρῶσαι
1992 3011 2081 3103 μὴ

123 3160 137 3177 ·
181 3115 476 3205 φθάσας,
504 3114 654 3189 ἀλλ’
697 3122 774 3189 ἐν
800 3108 853 3211 ᾦ
879 3122 1034 3210 περὶ
1069 3117 1192 3209 τὴν
1217 3126 1359 3191 τῶν
1382 3120 1693 3210 ῥημάτων
1730 3115 2082 3209 προφορὰν

179 3216 512 3308 ἠσχολεῖτο
540 3223 652 3291 καὶ
677 3219 802 3311 τὴν
827 3226 1038 3305 δεῖξιν
1074 3229 1195 3292 τοῦ
1220 3225 1478 3313 ξίφους,
1504 3224 1923 3311 συλληφθεὶς
1947 3217 2081 3290 ὑπὸ

107 3344 156 3387 ³⁰
185 3328 316 3391 τῶν
366 3323 962 3414 σωματοφυλάκων
1023 3332 1146 3397 τοῦ
1196 3329 1551 3416 βασιλέως,
1606 3331 1802 3415 δίκην
1852 3323 2081 3405 ἀνοίας

183 3420 496 3514 ὑπέσχεν,
551 3423 622 3508 ὃς
685 3444 961 3519 προεῖπε
1010 3427 1086 3499 τὸ
1147 3432 1683 3519 βεβουλευμένον
1732 3436 1986 3519 μᾶλλον
2037 3423 2081 3517 ἢ
