2475 3859
795 100 1230 160 ΤΕΤΑΡΤΟΝ
1844 104 1961 167 109

19 286 156 365 λης
185 272 375 361 υίόν,
411 276 524 343 καὶ
557 282 626 343 εἴ
642 300 708 343 τι
734 276 927 362 γένος
953 266 1040 363 ἦν
1080 274 1429 364 βασιλικόν
1466 273 1509 365 ἢ
1549 281 1623 347 έν
1660 277 1956 366 συγκλή-

19 408 132 472 τῳ
174 381 243 461 ἐξ
284 374 706 466 εὐπατριδῶν
743 386 1177 467 καταβαῖνον,
1208 386 1345 449 πᾶν
1384 383 1713 464 ἐξέκοψεν.
1776 388 1843 463 ἒς
1887 408 1957 451 τε
1985 395 2022 449 4

21 481 120 552 τὰ
149 488 328 569 ἔθνη
355 482 651 569 πέμπων,
669 476 996 569 ἡγεμόνας
1014 509 1086 551 τε
1105 485 1213 552 καὶ
1245 484 1641 571 ἐπιτρόπους
1672 480 1759 564 ῶς
1786 487 1962 553 ἐκεί-

23 613 171 655 νου
217 592 460 672 φίλους
497 583 748 663 πάντας
787 586 1199 675 διεχρήσατο.
1268 587 1447 655 πᾶσά
1483 614 1554 656 τε
1596 586 1719 669 νὺξ
1760 593 1961 675 ἔφερε

31 685 308 777 φόνους
351 692 796 757 παντοδαπῶν
834 684 1240 775 ἀνθρώπων.
1309 691 1423 771 τάς
1462 718 1533 759 τε
1566 698 1681 777 τῆς
1708 687 1963 770 Ἑστίας

34 798 296 879 ἱερείας
341 790 549 873 ζώσας
595 789 1015 877 κατώρυττεν
1061 787 1148 873 ῶς
1195 790 1285 881 μὴ
1332 792 1795 881 φυλαττούσας
1838 792 1961 881 τὴν

29 900 444 980 παρθενίαν.
518 891 594 961 τὸ
635 893 712 961 δὲ
744 900 1122 963 τελευταῖον
1162 898 1275 965 καὶ
1318 897 1567 985 μήποτε
1596 897 1964 985 γενόμενον

33 1006 248 1085 ἔργον
268 1017 282 1031 ·
327 1001 780 1083 ἱπποδρομίαν
813 998 938 1084 μὲν
979 999 1251 1086 ἐθεᾶτο,
1296 997 1649 1081 ἆπέσκωψε
1687 1002 1766 1068 δέ
1792 1028 1855 1069 τι
1888 998 1962 1068 τὸ

35 1108 307 1188 πλῆθος
333 1102 400 1179 ἐς
443 1095 714 1186 ἡνίοχον
754 1102 908 1185 περὶ
945 1096 1028 1169 ὃν
1067 1104 1319 1183 ἐκεῖνος
1353 1103 1786 1172 ἐσπουδάκει·
1821 1099 1861 1171 ὃ
1888 1102 1966 1171 δὲ

0 1252 4 1277 .
39 1204 308 1291 οἰηθεὶς
349 1198 550 1283 αὐτὸς
587 1198 914 1290 ὑβρίσθαι
955 1202 1217 1273 κελεύει
1258 1213 1351 1297 τῷ
1391 1206 1638 1293 πλήθει
1667 1226 1961 1294 προσπε-

39 1323 194 1377 σεῖν
223 1302 298 1373 τὸ
325 1304 718 1393 στράτευμα,
741 1303 1024 1393 ἀπάγειν
1054 1334 1125 1376 τε
1151 1311 1265 1377 καὶ
1304 1308 1625 1397 φονεύειν
1654 1308 1811 1389 τοὺς
1838 1336 1961 1377 κα-

41 1417 184 1489 κῶς
210 1406 329 1477 τὸν
353 1404 626 1495 ἡνίοχον
655 1408 979 1489 εἰπόντας.
1033 1416 1105 1479 oc
1131 1412 1207 1480 δὲ
1233 1420 1628 1500 στρατιῶται
1656 1419 1776 1482 τοῦ
1806 1411 1958 1499 βιά-
1989 1429 2023 1483 5

42 1518 289 1597 ζεσθαί
332 1538 404 1580 τε
454 1514 567 1580 καὶ
625 1508 941 1600 ἁρπάζειν
986 1514 1304 1602 λαβόντες
1356 1519 1704 1601 ἐξουσίαν,
1740 1512 1963 1584 οὐκέτι

43 1620 510 1700 διακρίνοντες
534 1620 712 1695 τίνες
736 1605 908 1702 ἦσαν
937 1620 1010 1684 oc
1031 1620 1555 1704 προπετέστερον
1582 1618 1964 1707 φθεγξάμε-

0 1752 10 1789 ε
45 1746 158 1789 νοι
175 1720 332 1797 (καὶ
359 1714 486 1805 γάρ
515 1708 602 1806 ἦν
629 1714 968 1806 ευρίσκειν
994 1715 1331 1789 ἀδύνατον
1356 1725 1429 1789 ἐν
1458 1720 1644 1813 δήμω
1671 1720 1965 1811 τοσούτῳ

46 1819 338 1915 μηδενὸς
365 1817 910 1909 ὁμολογοῦντος),
943 1818 1235 1910 ἀφειδῶς
1262 1820 1417 1904 τοὺς
1444 1791 1965 1913 ἐντυγχάνοντάς

49 1923 420 2013 ἀπάγοντες
441 1920 758 2013 ἀνῄρουν,
783 1919 827 2012 ἦ
847 1920 1333 2015 ἀφαιρούμενοι
1352 1923 1522 2016 άπερ
1542 1922 1793 2015 εἷχον“
1740 1947 1961 2015 ωσπερ

53 2028 264 2114 λύτρα
287 2028 476 2115 μόλις
503 2031 870 2114 ἐφείδοντο.

221 2137 494 2200 τοιαῦτα
521 2128 606 2218 δὴ
635 2126 961 2220 πράττων,
991 2126 1124 2199 ὑπό
1151 2158 1224 2199 τε
1249 2137 1364 2218 τῆς
1394 2137 1529 2200 τῶν
1556 2139 1773 2222 ἔργων
1798 2153 1965 2201 συν-
1995 2146 2032 2203 7

0 2263 22 2303 n
56 2236 260 2313 έσεως
294 2232 736 2321 ἐλαυνόμενος
775 2235 888 2303 καὶ
925 2232 1092 2321 πρὸς
1118 2232 1242 2321 τὴν
1268 2238 1341 2303 ἐν
1370 2241 1449 2325 τῇ
1477 2235 1665 2305 πόλει
1707 2241 1965 2322 διατρι-
2012 2258 2016 2261 ·

54 2336 188 2425 βὴν
227 2333 539 2423 ἀπεχθῶς
578 2343 784 2424 ἔχων,
828 2333 1251 2425 ἀποδημῆσαι
1292 2344 1407 2425 τῆς
1436 2335 1680 2427 Ῥώμης
1715 2336 1965 2427 ἠθέλη-

55 2462 174 2509 σεν
203 2435 294 2519 ῶς
321 2437 404 2526 δὴ
435 2440 792 2528 διοικήσων
817 2438 899 2508 τὰ
941 2442 1016 2508 ἐν
1055 2457 1190 2520 τοῖς
1227 2444 1696 2529 στρατοπέδοις
1736 2444 1847 2511 καὶ
1887 2441 1967 2512 τὰ

58 2550 229 2629 ἔθνη
257 2541 680 2630 ἐποψόμενος.
735 2538 995 2632 ἀπάρας
1021 2543 1097 2612 δὲ
1125 2551 1237 2631 τῆς
1272 2540 1561 2632 Ἰταλίας,
1592 2548 1708 2615 ἐπί
1728 2572 1799 2613 τε
1826 2561 1965 2627 ταῖς
1992 2562 2026 2615 2

58 2644 294 2733 ὄχθαις
319 2652 440 2715 τοῦ
470 2642 734 2736 Ἴστρου
767 2646 1154 2733 γενόμενος,
1185 2647 1415 2737 διῴκει
1440 2646 1525 2735 δὴ
1554 2646 1633 2717 τὰ
1666 2646 1975 2739 ἆρκτῶα..
2000 2679 2069 2712 218

0 2782 29 2823 ιε
61 2756 177 2835 τῆς
214 2746 418 2836 ἀρχῆς
464 2750 664 2838 μέρη,
710 2749 1042 2837 γυμνάσια
1083 2756 1202 2816 τοῦ
1248 2749 1548 2838 σώματος
1576 2751 1971 2837 ποιούμενος

61 2849 392 2939 ἡνιοχείας
419 2853 532 2919 καὶ
557 2859 822 2940 θηρίων
862 2856 1309 2921 παντοδαπῶν
1336 2851 1675 2941 συστάδην
1702 2850 1972 2940 ἀναιρέ-

63 2977 232 3041 σεις,
261 2954 550 3037 δικάζων
572 2955 696 3042 μὲν
722 2962 1051 3041 σπανίως,
1091 2953 1267 3041 πλὴν
1294 2961 1530 3043 νοῆσαι
1557 2955 1631 3024 τὸ
1660 2955 1973 3043 κρινόμε-

61 3086 184 3127 νον
211 3054 472 3145 εὐφυὴς
512 3047 598 3144 ἦν
637 3055 966 3139 εὐθίκτως
1007 3084 1078 3126 τε
1116 3055 1282 3146 πρὸς
1322 3056 1403 3125 τὰ
1444 3061 1767 3145 λεχθέντα
1806 3055 1974 3127 απο-

63 3168 446 3248 κρίνασθαι.
553 3158 926 3254 ᾠκειώσατο
952 3160 1029 3230 δὲ
1067 3162 1179 3229 καὶ
1206 3161 1453 3241 πάντας
1480 3159 1636 3241 τούς
1668 3164 1971 3231 ἐπέκεινα
2000 3188 2034 3241 3

0 3294 35 3338 ιο
67 3265 483 3353 Γερμανούς,
525 3272 592 3345 ἔς
640 3292 714 3333 τε
765 3272 997 3351 φιλίαν
1032 3260 1442 3352 ὑπηγάγετο,
1498 3260 1587 3345 ῶς
1636 3267 1747 3334 καὶ
1801 3290 1973 3354 συμ-

65 3368 314 3456 μάχους
343 3364 502 3455 παρ’
537 3364 764 3437 αὐτῶν
807 3375 1038 3455 λαβεῖν
1075 3370 1186 3436 καὶ
1227 3375 1349 3436 τοῦ
1390 3367 1687 3457 σώματος
1728 3370 1972 3439 ἑαυτοῦ

67 3468 408 3561 φρουροὺς
434 3470 868 3558 ποιήσασθαι,
897 3479 1252 3557 γενναίους
1276 3498 1347 3540 τε
1374 3474 1487 3540 καὶ
1516 3468 1803 3563 ὡραίους
1830 3475 1975 3541 ε’πι-
