<?xml version="1.0" encoding="UTF-8"?>
<!DOCTYPE html PUBLIC "-//W3C//DTD XHTML 1.0 Transitional//EN"
    "http://www.w3.org/TR/xhtml1/DTD/xhtml1-transitional.dtd">
<html xmlns="http://www.w3.org/1999/xhtml" xml:lang="en" lang="en">
 <head>
  <title>
</title>
<meta http-equiv="Content-Type" content="text/html;charset=utf-8" />
  <meta name='ocr-system' content='tesseract 3.04.00' />
  <meta name='ocr-capabilities' content='ocr_page ocr_carea ocr_par ocr_line ocrx_word'/>
</head>
<body>
  <div class='ocr_page' id='page_1' title='image "./herodianiabexce00bekkgoog_0035.png"; bbox 0 0 2475 3859; ppageno 0'>
   <div class='ocr_carea' id='block_1_1' title="bbox 995 178 2127 241">
    <p class='ocr_par' dir='ltr' id='par_1_1' title="bbox 995 178 2127 241">
     <span class='ocr_line' id='line_1_1' title="bbox 995 178 2127 241; baseline 0.004 -4"><span class='ocrx_word' id='word_1_1' title='bbox 995 178 1356 241; x_wconf 77' lang='grc' dir='ltr'><em>ΠΡΩΤΟΝ</em></span> <span class='ocrx_word' id='word_1_2' title='bbox 2045 178 2127 241; x_wconf 82' lang='grc'><strong><em>23</em></strong></span> 
     </span>
    </p>
   </div>
   <div class='ocr_carea' id='block_1_2' title="bbox 119 346 2205 3641">
    <p class='ocr_par' dir='ltr' id='par_1_2' title="bbox 119 346 2205 3641">
     <span class='ocr_line' id='line_1_2' title="bbox 197 346 2125 442; baseline 0 -21"><span class='ocrx_word' id='word_1_3' title='bbox 197 348 504 441; x_wconf 81' lang='grc' dir='ltr'><strong><em>ἤκμασε,</em></strong></span> <span class='ocrx_word' id='word_1_4' title='bbox 545 354 793 439; x_wconf 90' lang='grc' dir='ltr'><strong><em>πολλῆς</em></strong></span> <span class='ocrx_word' id='word_1_5' title='bbox 831 346 1224 441; x_wconf 72' lang='grc' dir='ltr'><strong><em>ἀνθρώπων</em></strong></span> <span class='ocrx_word' id='word_1_6' title='bbox 1253 354 1519 442; x_wconf 74' lang='grc' dir='ltr'><strong><em>φθοράς</em></strong></span> <span class='ocrx_word' id='word_1_7' title='bbox 1556 354 1919 441; x_wconf 79' lang='grc' dir='ltr'><em>γενομένης</em></span> <span class='ocrx_word' id='word_1_8' title='bbox 1955 352 2125 421; x_wconf 87' lang='grc' dir='ltr'><strong><em>πάν-</em></strong></span> 
     </span>
     <span class='ocr_line' id='line_1_3' title="bbox 201 450 1881 547; baseline -0.001 -23"><span class='ocrx_word' id='word_1_9' title='bbox 201 482 352 524; x_wconf 87' lang='grc' dir='ltr'><strong><em>των</em></strong></span> <span class='ocrx_word' id='word_1_10' title='bbox 375 482 450 523; x_wconf 90' lang='grc' dir='ltr'><strong><em>τε</em></strong></span> <span class='ocrx_word' id='word_1_11' title='bbox 477 453 666 547; x_wconf 74' lang='grc' dir='ltr'><strong><em>ζῴων</em></strong></span> <span class='ocrx_word' id='word_1_12' title='bbox 693 456 916 542; x_wconf 88' lang='grc' dir='ltr'><strong><em>&lt;τῶν&gt;</em></strong></span> <span class='ocrx_word' id='word_1_13' title='bbox 943 471 1080 535; x_wconf 74' lang='grc' dir='ltr'><strong><em>τοῖς</em></strong></span> <span class='ocrx_word' id='word_1_14' title='bbox 1107 450 1497 545; x_wconf 72' lang='grc' dir='ltr'><strong><em>ἀνθρώποις</em></strong></span> <span class='ocrx_word' id='word_1_15' title='bbox 1524 464 1881 524; x_wconf 88' lang='grc' dir='ltr'><strong><em>συνοίκων.</em></strong></span> 
     </span>
     <span class='ocr_line' id='line_1_4' title="bbox 420 553 2191 647; baseline 0.002 -21"><span class='ocrx_word' id='word_1_16' title='bbox 420 560 653 645; x_wconf 79' lang='grc' dir='ltr'><strong><em>ἐπέσχε</em></strong></span> <span class='ocrx_word' id='word_1_17' title='bbox 680 557 757 627; x_wconf 72' lang='grc' dir='ltr'><strong><em>δὲ</em></strong></span> <span class='ocrx_word' id='word_1_18' title='bbox 781 553 929 625; x_wconf 84' lang='grc' dir='ltr'><strong><em>κατ’</em></strong></span> <span class='ocrx_word' id='word_1_19' title='bbox 963 555 1126 629; x_wconf 81' lang='grc' dir='ltr'><strong><em>αὐτὸ</em></strong></span> <span class='ocrx_word' id='word_1_20' title='bbox 1151 560 1266 627; x_wconf 82' lang='grc' dir='ltr'><strong><em>καὶ</em></strong></span> <span class='ocrx_word' id='word_1_21' title='bbox 1292 556 1479 647; x_wconf 84' lang='grc' dir='ltr'><strong><em>λιμὸς</em></strong></span> <span class='ocrx_word' id='word_1_22' title='bbox 1514 556 1639 647; x_wconf 87' lang='grc' dir='ltr'><strong><em>τὴν</em></strong></span> <span class='ocrx_word' id='word_1_23' title='bbox 1675 559 1873 629; x_wconf 90' lang='grc' dir='ltr'><strong><em>πόλιν</em></strong></span> <span class='ocrx_word' id='word_1_24' title='bbox 1912 560 1980 642; x_wconf 79' lang='grc' dir='ltr'><strong><em>ἐξ</em></strong></span> <span class='ocrx_word' id='word_1_25' title='bbox 2019 564 2123 629; x_wconf 82' lang='grc' dir='ltr'><strong><em>αί-</em></strong></span> <span class='ocrx_word' id='word_1_26' title='bbox 2156 583 2191 637; x_wconf 87' lang='lat'><strong>3</strong></span> 
     </span>
     <span class='ocr_line' id='line_1_5' title="bbox 203 654 2132 752; baseline 0.001 -23"><span class='ocrx_word' id='word_1_27' title='bbox 203 669 358 741; x_wconf 87' lang='grc' dir='ltr'><strong><em>τίας</em></strong></span> <span class='ocrx_word' id='word_1_28' title='bbox 385 661 712 750; x_wconf 78' lang='grc' dir='ltr'><strong><em>τοιαύτης.</em></strong></span> <span class='ocrx_word' id='word_1_29' title='bbox 765 660 1154 752; x_wconf 82' lang='grc' dir='ltr'><strong><em>Κλέανδρός</em></strong></span> <span class='ocrx_word' id='word_1_30' title='bbox 1179 688 1279 743; x_wconf 93' lang='grc' dir='ltr'><strong><em>τις</em></strong></span> <span class='ocrx_word' id='word_1_31' title='bbox 1304 654 1391 751; x_wconf 84' lang='grc' dir='ltr'><strong><em>ἦν</em></strong></span> <span class='ocrx_word' id='word_1_32' title='bbox 1407 715 1425 748; x_wconf 88' lang='grc'><strong><em>,</em></strong></span> <span class='ocrx_word' id='word_1_33' title='bbox 1458 660 1531 731; x_wconf 82' lang='grc' dir='ltr'><strong><em>τὸ</em></strong></span> <span class='ocrx_word' id='word_1_34' title='bbox 1560 662 1685 750; x_wconf 76' lang='grc' dir='ltr'><strong><em>μὲν</em></strong></span> <span class='ocrx_word' id='word_1_35' title='bbox 1712 665 1905 750; x_wconf 82' lang='grc' dir='ltr'><strong><em>γένος</em></strong></span> <span class='ocrx_word' id='word_1_36' title='bbox 1924 662 2132 751; x_wconf 78' lang='grc' dir='ltr'><strong><em>Φρύξ,</em></strong></span> 
     </span>
     <span class='ocr_line' id='line_1_6' title="bbox 137 760 2127 856; baseline 0.001 -23"><span class='ocrx_word' id='word_1_37' title='bbox 137 786 170 826; x_wconf 72' lang='lat'>⁸</span> <span class='ocrx_word' id='word_1_38' title='bbox 205 769 352 833; x_wconf 92' lang='grc' dir='ltr'><strong><em>τῶν</em></strong></span> <span class='ocrx_word' id='word_1_39' title='bbox 399 770 683 855; x_wconf 76' lang='grc' dir='ltr'><em>δημοσίᾳ</em></span> <span class='ocrx_word' id='word_1_40' title='bbox 727 764 1072 834; x_wconf 74' lang='grc' dir='ltr'><strong><em>εἰωθότων</em></strong></span> <span class='ocrx_word' id='word_1_41' title='bbox 1111 760 1247 835; x_wconf 81' lang='grc' dir='ltr'><strong><em>ὑπὸ</em></strong></span> <span class='ocrx_word' id='word_1_42' title='bbox 1303 764 1547 855; x_wconf 87' lang='grc' dir='ltr'><strong><em>κήρυκι</em></strong></span> <span class='ocrx_word' id='word_1_43' title='bbox 1598 764 2127 856; x_wconf 74' lang='grc' dir='ltr'><strong><em>πιπράσκεσθαι·</em></strong></span> 
     </span>
     <span class='ocr_line' id='line_1_7' title="bbox 203 866 2135 963; baseline 0 -26"><span class='ocrx_word' id='word_1_44' title='bbox 203 870 473 956; x_wconf 77' lang='grc' dir='ltr'><strong><em>οἰκέτης</em></strong></span> <span class='ocrx_word' id='word_1_45' title='bbox 524 869 598 938; x_wconf 74' lang='grc' dir='ltr'><strong><em>δὲ</em></strong></span> <span class='ocrx_word' id='word_1_46' title='bbox 635 866 978 956; x_wconf 84' lang='grc' dir='ltr'><strong><em>βασιλικὸς</em></strong></span> <span class='ocrx_word' id='word_1_47' title='bbox 1027 866 1387 957; x_wconf 88' lang='grc' dir='ltr'><strong><em>γενόμενος</em></strong></span> <span class='ocrx_word' id='word_1_48' title='bbox 1438 874 1889 958; x_wconf 83' lang='grc' dir='ltr'><strong><em>συναυξηθείς</em></strong></span> <span class='ocrx_word' id='word_1_49' title='bbox 1926 895 1999 937; x_wconf 91' lang='grc' dir='ltr'><strong><em>τε</em></strong></span> <span class='ocrx_word' id='word_1_50' title='bbox 2040 873 2135 963; x_wconf 74' lang='grc' dir='ltr'><strong><em>τῷ</em></strong></span> 
     </span>
     <span class='ocr_line' id='line_1_8' title="bbox 202 966 2130 1064; baseline 0 -23"><span class='ocrx_word' id='word_1_51' title='bbox 202 971 548 1064; x_wconf 77' lang='grc' dir='ltr'><strong><em>Κομμόδςο</em></strong></span> <span class='ocrx_word' id='word_1_52' title='bbox 602 974 668 1051; x_wconf 81' lang='grc' dir='ltr'><strong><em>ἐς</em></strong></span> <span class='ocrx_word' id='word_1_53' title='bbox 716 977 1037 1041; x_wconf 80' lang='grc' dir='ltr'><strong><em>τοσοῦτον</em></strong></span> <span class='ocrx_word' id='word_1_54' title='bbox 1087 966 1210 1040; x_wconf 79' lang='grc' dir='ltr'><strong><em>ὑπ’</em></strong></span> <span class='ocrx_word' id='word_1_55' title='bbox 1270 970 1480 1043; x_wconf 83' lang='grc' dir='ltr'><strong><em>αὐτοῦ</em></strong></span> <span class='ocrx_word' id='word_1_56' title='bbox 1530 978 1721 1062; x_wconf 88' lang='grc' dir='ltr'><strong><em>τιμῆς</em></strong></span> <span class='ocrx_word' id='word_1_57' title='bbox 1774 973 1889 1041; x_wconf 80' lang='grc' dir='ltr'><strong><em>καὶ</em></strong></span> <span class='ocrx_word' id='word_1_58' title='bbox 1944 974 2130 1054; x_wconf 79' lang='grc' dir='ltr'><strong><em>ἐξου-</em></strong></span> 
     </span>
     <span class='ocr_line' id='line_1_9' title="bbox 205 1069 2133 1166; baseline 0.001 -24"><span class='ocrx_word' id='word_1_59' title='bbox 205 1081 362 1154; x_wconf 84' lang='grc' dir='ltr'><strong><em>σίας</em></strong></span> <span class='ocrx_word' id='word_1_60' title='bbox 405 1073 712 1164; x_wconf 78' lang='grc' dir='ltr'><strong><em>προήχθη</em></strong></span> <span class='ocrx_word' id='word_1_61' title='bbox 767 1069 856 1155; x_wconf 79' lang='grc' dir='ltr'><strong><em>ῶς</em></strong></span> <span class='ocrx_word' id='word_1_62' title='bbox 905 1074 1032 1163; x_wconf 91' lang='grc' dir='ltr'><strong><em>τήν</em></strong></span> <span class='ocrx_word' id='word_1_63' title='bbox 1067 1102 1138 1143; x_wconf 94' lang='grc' dir='ltr'><strong><em>τε</em></strong></span> <span class='ocrx_word' id='word_1_64' title='bbox 1175 1082 1298 1145; x_wconf 85' lang='grc' dir='ltr'><strong><em>τοῦ</em></strong></span> <span class='ocrx_word' id='word_1_65' title='bbox 1336 1075 1632 1165; x_wconf 71' lang='grc' dir='ltr'><strong><em>σώματος</em></strong></span> <span class='ocrx_word' id='word_1_66' title='bbox 1672 1072 1983 1166; x_wconf 74' lang='grc' dir='ltr'><strong><em>φρουρὰν</em></strong></span> <span class='ocrx_word' id='word_1_67' title='bbox 2020 1076 2133 1144; x_wconf 81' lang='grc' dir='ltr'><strong><em>καὶ</em></strong></span> 
     </span>
     <span class='ocr_line' id='line_1_10' title="bbox 206 1175 2134 1269; baseline -0.001 -22"><span class='ocrx_word' id='word_1_68' title='bbox 206 1175 337 1266; x_wconf 83' lang='grc' dir='ltr'><strong><em>τὴν</em></strong></span> <span class='ocrx_word' id='word_1_69' title='bbox 402 1184 521 1247; x_wconf 84' lang='grc' dir='ltr'><strong><em>τοῦ</em></strong></span> <span class='ocrx_word' id='word_1_70' title='bbox 586 1177 900 1267; x_wconf 77' lang='grc' dir='ltr'><strong><em>θαλάμου</em></strong></span> <span class='ocrx_word' id='word_1_71' title='bbox 963 1182 1273 1261; x_wconf 80' lang='grc' dir='ltr'><strong><em>ἐξουσίαν</em></strong></span> <span class='ocrx_word' id='word_1_72' title='bbox 1324 1178 1447 1268; x_wconf 89' lang='grc' dir='ltr'><strong><em>τήν</em></strong></span> <span class='ocrx_word' id='word_1_73' title='bbox 1498 1206 1571 1248; x_wconf 94' lang='grc' dir='ltr'><strong><em>τε</em></strong></span> <span class='ocrx_word' id='word_1_74' title='bbox 1633 1185 1771 1249; x_wconf 85' lang='grc' dir='ltr'><strong><em>τῶν</em></strong></span> <span class='ocrx_word' id='word_1_75' title='bbox 1833 1184 2134 1269; x_wconf 88' lang='grc' dir='ltr'><strong><em>στρατῶν</em></strong></span> 
     </span>
     <span class='ocr_line' id='line_1_11' title="bbox 119 1277 2133 1371; baseline -0.001 -19"><span class='ocrx_word' id='word_1_76' title='bbox 119 1312 174 1352; x_wconf 83' lang='grc' dir='ltr'><strong><em>ιο</em></strong></span> <span class='ocrx_word' id='word_1_77' title='bbox 209 1278 428 1371; x_wconf 78' lang='grc' dir='ltr'><strong><em>ἀρχὴν</em></strong></span> <span class='ocrx_word' id='word_1_78' title='bbox 464 1284 960 1371; x_wconf 80' lang='grc' dir='ltr'><strong><em>ἐγχειρισθῆναι</em></strong></span> <span class='ocrx_word' id='word_1_79' title='bbox 981 1303 998 1317; x_wconf 86' lang='grc'><em>·</em></span> <span class='ocrx_word' id='word_1_80' title='bbox 1050 1277 1184 1351; x_wconf 81' lang='grc' dir='ltr'><strong><em>ὑπὸ</em></strong></span> <span class='ocrx_word' id='word_1_81' title='bbox 1237 1283 1314 1352; x_wconf 76' lang='grc' dir='ltr'><strong><em>δὲ</em></strong></span> <span class='ocrx_word' id='word_1_82' title='bbox 1378 1282 1675 1353; x_wconf 82' lang='grc' dir='ltr'><strong><em>πλούτου</em></strong></span> <span class='ocrx_word' id='word_1_83' title='bbox 1724 1284 1835 1352; x_wconf 85' lang='grc' dir='ltr'><strong><em>καὶ</em></strong></span> <span class='ocrx_word' id='word_1_84' title='bbox 1872 1287 2133 1371; x_wconf 84' lang='grc' dir='ltr'><strong><em>τρυφῆς</em></strong></span> 
     </span>
     <span class='ocr_line' id='line_1_12' title="bbox 208 1381 2200 1476; baseline 0.002 -23"><span class='ocrx_word' id='word_1_85' title='bbox 208 1381 586 1472; x_wconf 77' lang='grc' dir='ltr'><strong><em>ἀνεπείσθη</em></strong></span> <span class='ocrx_word' id='word_1_86' title='bbox 625 1387 738 1454; x_wconf 76' lang='grc' dir='ltr'><strong><em>καὶ</em></strong></span> <span class='ocrx_word' id='word_1_87' title='bbox 789 1382 952 1476; x_wconf 83' lang='grc' dir='ltr'><strong><em>πρὸς</em></strong></span> <span class='ocrx_word' id='word_1_88' title='bbox 1003 1392 1345 1473; x_wconf 82' lang='grc' dir='ltr'><strong><em>βασιλείας</em></strong></span> <span class='ocrx_word' id='word_1_89' title='bbox 1397 1388 1787 1475; x_wconf 78' lang='grc' dir='ltr'><strong><em>ἐπιθυμίαν.</em></strong></span> <span class='ocrx_word' id='word_1_90' title='bbox 1892 1382 2130 1475; x_wconf 85' lang='grc' dir='ltr'><strong><em>ἀθροί-</em></strong></span> <span class='ocrx_word' id='word_1_91' title='bbox 2164 1403 2200 1457; x_wconf 84' lang='lat'>4</span> 
     </span>
     <span class='ocr_line' id='line_1_13' title="bbox 211 1487 2135 1577; baseline 0.002 -21"><span class='ocrx_word' id='word_1_92' title='bbox 211 1496 346 1571; x_wconf 79' lang='grc' dir='ltr'><strong><em>ζων</em></strong></span> <span class='ocrx_word' id='word_1_93' title='bbox 393 1487 468 1557; x_wconf 73' lang='grc' dir='ltr'><strong><em>δὲ</em></strong></span> <span class='ocrx_word' id='word_1_94' title='bbox 503 1488 832 1577; x_wconf 87' lang='grc' dir='ltr'><strong><em>χρήματα,</em></strong></span> <span class='ocrx_word' id='word_1_95' title='bbox 889 1489 1000 1555; x_wconf 83' lang='grc' dir='ltr'><strong><em>καὶ</em></strong></span> <span class='ocrx_word' id='word_1_96' title='bbox 1048 1505 1234 1573; x_wconf 74' lang='grc' dir='ltr'><strong><em>σῖτρν</em></strong></span> <span class='ocrx_word' id='word_1_97' title='bbox 1272 1498 1585 1560; x_wconf 82' lang='grc' dir='ltr'><strong><em>πλεῖστον</em></strong></span> <span class='ocrx_word' id='word_1_98' title='bbox 1622 1488 2135 1576; x_wconf 82' lang='grc' dir='ltr'><strong><em>συνωνούμενος</em></strong></span> 
     </span>
     <span class='ocr_line' id='line_1_14' title="bbox 211 1588 2132 1683; baseline 0 -24"><span class='ocrx_word' id='word_1_99' title='bbox 211 1593 330 1660; x_wconf 79' lang='grc' dir='ltr'><strong><em>καὶ</em></strong></span> <span class='ocrx_word' id='word_1_100' title='bbox 394 1588 806 1675; x_wconf 86' lang='grc' dir='ltr'><strong><em>ἀποκλείων,</em></strong></span> <span class='ocrx_word' id='word_1_101' title='bbox 869 1589 1099 1680; x_wconf 81' lang='grc' dir='ltr'><strong><em>ἤλπιζε</em></strong></span> <span class='ocrx_word' id='word_1_102' title='bbox 1165 1592 1617 1683; x_wconf 83' lang='grc' dir='ltr'><strong><em>προσάξεσθαι</em></strong></span> <span class='ocrx_word' id='word_1_103' title='bbox 1691 1592 1809 1663; x_wconf 91' lang='grc' dir='ltr'><strong><em>τόν</em></strong></span> <span class='ocrx_word' id='word_1_104' title='bbox 1874 1620 1946 1661; x_wconf 88' lang='grc' dir='ltr'><strong><em>τε</em></strong></span> <span class='ocrx_word' id='word_1_105' title='bbox 2012 1597 2132 1681; x_wconf 92' lang='grc' dir='ltr'><strong><em>δῆ-</em></strong></span> 
     </span>
     <span class='ocr_line' id='line_1_15' title="bbox 213 1692 2137 1787; baseline 0 -24"><span class='ocrx_word' id='word_1_106' title='bbox 213 1721 346 1783; x_wconf 87' lang='grc' dir='ltr'><strong><em>μον</em></strong></span> <span class='ocrx_word' id='word_1_107' title='bbox 379 1696 490 1762; x_wconf 80' lang='grc' dir='ltr'><strong><em>καὶ</em></strong></span> <span class='ocrx_word' id='word_1_108' title='bbox 533 1692 608 1763; x_wconf 83' lang='grc' dir='ltr'><strong><em>τὸ</em></strong></span> <span class='ocrx_word' id='word_1_109' title='bbox 659 1694 1142 1784; x_wconf 89' lang='grc' dir='ltr'><strong><em>στρατόπεδον,</em></strong></span> <span class='ocrx_word' id='word_1_110' title='bbox 1187 1701 1250 1765; x_wconf 84' lang='grc' dir='ltr'><strong><em>εἰ</em></strong></span> <span class='ocrx_word' id='word_1_111' title='bbox 1288 1702 1557 1787; x_wconf 87' lang='grc' dir='ltr'><strong><em>πρῶτον</em></strong></span> <span class='ocrx_word' id='word_1_112' title='bbox 1595 1699 1671 1765; x_wconf 84' lang='grc' dir='ltr'><strong><em>ἐν</em></strong></span> <span class='ocrx_word' id='word_1_113' title='bbox 1708 1695 1947 1766; x_wconf 80' lang='grc' dir='ltr'><strong><em>σπάνει</em></strong></span> <span class='ocrx_word' id='word_1_114' title='bbox 1998 1700 2137 1764; x_wconf 90' lang='grc' dir='ltr'><strong><em>τῶν</em></strong></span> 
     </span>
     <span class='ocr_line' id='line_1_16' title="bbox 130 1795 2137 1889; baseline -0.001 -21"><span class='ocrx_word' id='word_1_115' title='bbox 130 1830 181 1868; x_wconf 78' lang='lat'><strong><em>15</em></strong></span> <span class='ocrx_word' id='word_1_116' title='bbox 218 1800 618 1887; x_wconf 78' lang='grc' dir='ltr'><strong><em>ἐπιτηδείων</em></strong></span> <span class='ocrx_word' id='word_1_117' title='bbox 657 1797 1068 1887; x_wconf 78' lang='grc' dir='ltr'><strong><em>καταστήσας</em></strong></span> <span class='ocrx_word' id='word_1_118' title='bbox 1109 1799 1447 1868; x_wconf 82' lang='grc' dir='ltr'><strong><em>ἐπιδόσεσι</em></strong></span> <span class='ocrx_word' id='word_1_119' title='bbox 1488 1808 1820 1889; x_wconf 80' lang='grc' dir='ltr'><strong><em>λαμπραῖς</em></strong></span> <span class='ocrx_word' id='word_1_120' title='bbox 1856 1795 2137 1879; x_wconf 76' lang='grc' dir='ltr'><strong><em>ἁλόντας</em></strong></span> 
     </span>
     <span class='ocr_line' id='line_1_17' title="bbox 215 1900 2131 1995; baseline -0.001 -24"><span class='ocrx_word' id='word_1_121' title='bbox 215 1900 412 1995; x_wconf 74' lang='grc' dir='ltr'><strong><em>πόθῳ</em></strong></span> <span class='ocrx_word' id='word_1_122' title='bbox 439 1906 561 1970; x_wconf 85' lang='grc' dir='ltr'><strong><em>τοῦ</em></strong></span> <span class='ocrx_word' id='word_1_123' title='bbox 587 1900 950 1991; x_wconf 83' lang='grc' dir='ltr'><strong><em>χρειῶδους</em></strong></span> <span class='ocrx_word' id='word_1_124' title='bbox 977 1901 1483 1991; x_wconf 76' lang='grc' dir='ltr'><strong><em>προσαγάγοιτο.</em></strong></span> <span class='ocrx_word' id='word_1_125' title='bbox 1539 1903 1851 1988; x_wconf 82' lang='grc' dir='ltr'><strong><em>μέγιστον</em></strong></span> <span class='ocrx_word' id='word_1_126' title='bbox 1891 1902 1966 1970; x_wconf 73' lang='grc' dir='ltr'><strong><em>δὲ</em></strong></span> <span class='ocrx_word' id='word_1_127' title='bbox 2002 1928 2131 1987; x_wconf 83' lang='grc' dir='ltr'><strong><em>γυ-</em></strong></span> 
     </span>
     <span class='ocr_line' id='line_1_18' title="bbox 215 2000 2129 2093; baseline -0.001 -20"><span class='ocrx_word' id='word_1_128' title='bbox 215 2004 500 2093; x_wconf 87' lang='grc' dir='ltr'><strong><em>μνάσιον</em></strong></span> <span class='ocrx_word' id='word_1_129' title='bbox 527 2004 1024 2085; x_wconf 75' lang='grc' dir='ltr'><strong><em>κατασκευάσας</em></strong></span> <span class='ocrx_word' id='word_1_130' title='bbox 1050 2002 1337 2093; x_wconf 85' lang='grc' dir='ltr'><strong><em>λουτρὸν</em></strong></span> <span class='ocrx_word' id='word_1_131' title='bbox 1377 2004 1700 2093; x_wconf 86' lang='grc' dir='ltr'><strong><em>δημόσιον</em></strong></span> <span class='ocrx_word' id='word_1_132' title='bbox 1730 2002 1981 2093; x_wconf 78' lang='grc' dir='ltr'><strong><em>’ἀνῆκεν</em></strong></span> <span class='ocrx_word' id='word_1_133' title='bbox 2006 2000 2129 2071; x_wconf 82' lang='grc' dir='ltr'><strong><em>αὖ-</em></strong></span> 
     </span>
     <span class='ocr_line' id='line_1_19' title="bbox 215 2099 2195 2197; baseline -0.001 -20"><span class='ocrx_word' id='word_1_134' title='bbox 215 2122 371 2188; x_wconf 67' lang='lat' dir='ltr'><strong><em>vocs.</em></strong></span> <span class='ocrx_word' id='word_1_135' title='bbox 425 2104 463 2176; x_wconf 80' lang='grc' dir='ltr'>ὃ</span> <span class='ocrx_word' id='word_1_136' title='bbox 491 2107 614 2194; x_wconf 76' lang='grc' dir='ltr'><strong><em>μὲν</em></strong></span> <span class='ocrx_word' id='word_1_137' title='bbox 642 2099 768 2177; x_wconf 81' lang='grc' dir='ltr'><strong><em>οὖν</em></strong></span> <span class='ocrx_word' id='word_1_138' title='bbox 793 2106 970 2177; x_wconf 79' lang='grc' dir='ltr'><strong><em>οὕτω</em></strong></span> <span class='ocrx_word' id='word_1_139' title='bbox 995 2106 1116 2178; x_wconf 80' lang='grc' dir='ltr'><strong><em>τὸν</em></strong></span> <span class='ocrx_word' id='word_1_140' title='bbox 1143 2114 1358 2197; x_wconf 85' lang='grc' dir='ltr'><strong><em>δῆμον</em></strong></span> <span class='ocrx_word' id='word_1_141' title='bbox 1386 2110 1725 2192; x_wconf 80' lang='grc' dir='ltr'><strong><em>ἐδελέαζεν</em></strong></span> <span class='ocrx_word' id='word_1_142' title='bbox 1747 2130 1761 2143; x_wconf 91' lang='grc'><em>·</em></span> <span class='ocrx_word' id='word_1_143' title='bbox 1792 2112 1862 2176; x_wconf 74' lang='grc' dir='ltr'><strong><em>οἱ</em></strong></span> <span class='ocrx_word' id='word_1_144' title='bbox 1885 2108 1959 2177; x_wconf 75' lang='grc' dir='ltr'><strong><em>δὲ</em></strong></span> <span class='ocrx_word' id='word_1_145' title='bbox 1976 2102 2129 2175; x_wconf 82' lang='grc' dir='ltr'><strong><em>Ῥω·</em></strong></span> <span class='ocrx_word' id='word_1_146' title='bbox 2162 2134 2195 2185; x_wconf 86' lang='lat'>5</span> 
     </span>
     <span class='ocr_line' id='line_1_20' title="bbox 219 2207 2137 2303; baseline 0 -24"><span class='ocrx_word' id='word_1_147' title='bbox 219 2227 400 2299; x_wconf 76' lang='grc' dir='ltr'><strong><em>μαῖοι</em></strong></span> <span class='ocrx_word' id='word_1_148' title='bbox 429 2207 744 2297; x_wconf 87' lang='grc' dir='ltr'><strong><em>ἀπεχθῶς</em></strong></span> <span class='ocrx_word' id='word_1_149' title='bbox 773 2217 1032 2299; x_wconf 80' lang='grc' dir='ltr'><strong><em>ἔχοντες</em></strong></span> <span class='ocrx_word' id='word_1_150' title='bbox 1071 2210 1234 2303; x_wconf 80' lang='grc' dir='ltr'><strong><em>πρὸς</em></strong></span> <span class='ocrx_word' id='word_1_151' title='bbox 1274 2209 1517 2298; x_wconf 81' lang='grc' dir='ltr'><strong><em>αὐτόν,</em></strong></span> <span class='ocrx_word' id='word_1_152' title='bbox 1558 2214 1672 2281; x_wconf 83' lang='grc' dir='ltr'><strong><em>καὶ</em></strong></span> <span class='ocrx_word' id='word_1_153' title='bbox 1710 2216 1847 2280; x_wconf 89' lang='grc' dir='ltr'><strong><em>τῶν</em></strong></span> <span class='ocrx_word' id='word_1_154' title='bbox 1890 2214 2137 2281; x_wconf 84' lang='grc' dir='ltr'><strong><em>δεινῶν</em></strong></span> 
     </span>
     <span class='ocr_line' id='line_1_21' title="bbox 133 2311 2139 2404; baseline 0 -23"><span class='ocrx_word' id='word_1_155' title='bbox 133 2341 190 2380; x_wconf 78' lang='lat'><strong><em>2⁰</em></strong></span> <span class='ocrx_word' id='word_1_156' title='bbox 223 2311 337 2394; x_wconf 73' lang='grc' dir='ltr'><strong><em>τὰς</em></strong></span> <span class='ocrx_word' id='word_1_157' title='bbox 363 2320 576 2393; x_wconf 78' lang='grc' dir='ltr'><strong><em>αἰτίας</em></strong></span> <span class='ocrx_word' id='word_1_158' title='bbox 603 2316 670 2393; x_wconf 81' lang='grc' dir='ltr'><strong><em>ἐς</em></strong></span> <span class='ocrx_word' id='word_1_159' title='bbox 705 2316 969 2385; x_wconf 81' lang='grc' dir='ltr'><strong><em>ἐκεῖνον</em></strong></span> <span class='ocrx_word' id='word_1_160' title='bbox 1005 2311 1491 2404; x_wconf 83' lang='grc' dir='ltr'><strong><em>ἀναφέροντες,</em></strong></span> <span class='ocrx_word' id='word_1_161' title='bbox 1537 2319 1887 2404; x_wconf 80' lang='grc' dir='ltr'><strong><em>μισοῦντες</em></strong></span> <span class='ocrx_word' id='word_1_162' title='bbox 1926 2311 2139 2383; x_wconf 79' lang='grc' dir='ltr'><strong><em>ἀύτοῦ</em></strong></span> 
     </span>
     <span class='ocr_line' id='line_1_22' title="bbox 219 2414 2140 2507; baseline 0 -22"><span class='ocrx_word' id='word_1_163' title='bbox 219 2415 294 2486; x_wconf 86' lang='grc' dir='ltr'><strong><em>τὸ</em></strong></span> <span class='ocrx_word' id='word_1_164' title='bbox 344 2414 707 2506; x_wconf 79' lang='grc' dir='ltr'><strong><em>ἀκόρεστον</em></strong></span> <span class='ocrx_word' id='word_1_165' title='bbox 750 2423 868 2507; x_wconf 86' lang='grc' dir='ltr'><strong><em>τῆς</em></strong></span> <span class='ocrx_word' id='word_1_166' title='bbox 921 2424 1043 2487; x_wconf 84' lang='grc' dir='ltr'><strong><em>τοῦ</em></strong></span> <span class='ocrx_word' id='word_1_167' title='bbox 1089 2418 1387 2488; x_wconf 82' lang='grc' dir='ltr'><strong><em>πλούτου</em></strong></span> <span class='ocrx_word' id='word_1_168' title='bbox 1433 2421 1857 2507; x_wconf 79' lang='grc' dir='ltr'><strong><em>ἐπιθυμίας,·</em></strong></span> <span class='ocrx_word' id='word_1_169' title='bbox 1882 2416 1965 2487; x_wconf 74' lang='grc' dir='ltr'><strong><em>τὰ</em></strong></span> <span class='ocrx_word' id='word_1_170' title='bbox 2015 2416 2140 2506; x_wconf 72' lang='grc' dir='ltr'><strong><em>μὲν</em></strong></span> 
     </span>
     <span class='ocr_line' id='line_1_23' title="bbox 221 2517 2139 2612; baseline 0 -24"><span class='ocrx_word' id='word_1_171' title='bbox 221 2525 452 2609; x_wconf 85' lang='grc' dir='ltr'><strong><em>πρῶτα</em></strong></span> <span class='ocrx_word' id='word_1_172' title='bbox 479 2517 553 2589; x_wconf 79' lang='grc' dir='ltr'><strong><em>ἕν</em></strong></span> <span class='ocrx_word' id='word_1_173' title='bbox 575 2546 650 2589; x_wconf 89' lang='grc' dir='ltr'><strong><em>τε</em></strong></span> <span class='ocrx_word' id='word_1_174' title='bbox 688 2518 1003 2612; x_wconf 79' lang='grc' dir='ltr'><strong><em>θεάτροις</em></strong></span> <span class='ocrx_word' id='word_1_175' title='bbox 1041 2520 1513 2609; x_wconf 85' lang='grc' dir='ltr'><strong><em>συνιστάμενοι</em></strong></span> <span class='ocrx_word' id='word_1_176' title='bbox 1554 2524 1667 2591; x_wconf 87' lang='grc' dir='ltr'><strong><em>καὶ</em></strong></span> <span class='ocrx_word' id='word_1_177' title='bbox 1702 2518 1871 2591; x_wconf 73' lang='grc' dir='ltr'><strong><em>κατὰ</em></strong></span> <span class='ocrx_word' id='word_1_178' title='bbox 1910 2520 2139 2609; x_wconf 81' lang='grc' dir='ltr'><strong><em>πλήθη</em></strong></span> 
     </span>
     <span class='ocr_line' id='line_1_24' title="bbox 221 2620 2141 2712; baseline -0.001 -20"><span class='ocrx_word' id='word_1_179' title='bbox 221 2629 438 2703; x_wconf 89' lang='grc' dir='ltr'><strong><em>κακῶς</em></strong></span> <span class='ocrx_word' id='word_1_180' title='bbox 479 2620 847 2712; x_wconf 79' lang='grc' dir='ltr'><strong><em>ἠγόρευον,</em></strong></span> <span class='ocrx_word' id='word_1_181' title='bbox 901 2626 1014 2693; x_wconf 82' lang='grc' dir='ltr'><strong><em>καὶ</em></strong></span> <span class='ocrx_word' id='word_1_182' title='bbox 1065 2623 1140 2694; x_wconf 85' lang='grc' dir='ltr'><strong><em>τὸ</em></strong></span> <span class='ocrx_word' id='word_1_183' title='bbox 1191 2634 1615 2710; x_wconf 84' lang='grc' dir='ltr'><strong><em>τελευταῖον,</em></strong></span> <span class='ocrx_word' id='word_1_184' title='bbox 1667 2624 2012 2712; x_wconf 80' lang='grc' dir='ltr'><strong><em>διάγοντος</em></strong></span> <span class='ocrx_word' id='word_1_185' title='bbox 2066 2625 2141 2691; x_wconf 80' lang='grc' dir='ltr'><strong><em>ἐν</em></strong></span> 
     </span>
     <span class='ocr_line' id='line_1_25' title="bbox 223 2724 2142 2819; baseline -0.001 -24"><span class='ocrx_word' id='word_1_186' title='bbox 223 2726 593 2819; x_wconf 72' lang='grc' dir='ltr'><strong><em>προαστείω</em></strong></span> <span class='ocrx_word' id='word_1_187' title='bbox 609 2733 732 2797; x_wconf 83' lang='grc' dir='ltr'><strong><em>τοῦ</em></strong></span> <span class='ocrx_word' id='word_1_188' title='bbox 746 2726 1132 2817; x_wconf 83' lang='grc' dir='ltr'><strong><em>Κομμόδου,</em></strong></span> <span class='ocrx_word' id='word_1_189' title='bbox 1148 2727 1547 2807; x_wconf 84' lang='grc' dir='ltr'><strong><em>ἐπελθόντες</em></strong></span> <span class='ocrx_word' id='word_1_190' title='bbox 1564 2728 1899 2815; x_wconf 83' lang='grc' dir='ltr'><strong><em>πανδημεὶ</em></strong></span> <span class='ocrx_word' id='word_1_191' title='bbox 1928 2724 2142 2815; x_wconf 82' lang='grc' dir='ltr'><strong><em>ἐβόων</em></strong></span> 
     </span>
     <span class='ocr_line' id='line_1_26' title="bbox 142 2826 2205 2919; baseline -0.003 -16"><span class='ocrx_word' id='word_1_192' title='bbox 142 2862 198 2903; x_wconf 75' lang='lat'><strong><em>25</em></strong></span> <span class='ocrx_word' id='word_1_193' title='bbox 229 2831 340 2899; x_wconf 83' lang='grc' dir='ltr'><strong><em>καὶ</em></strong></span> <span class='ocrx_word' id='word_1_194' title='bbox 372 2826 490 2898; x_wconf 85' lang='grc' dir='ltr'><strong><em>τὸν</em></strong></span> <span class='ocrx_word' id='word_1_195' title='bbox 516 2832 911 2918; x_wconf 85' lang='grc' dir='ltr'><strong><em>Κλέανδρον</em></strong></span> <span class='ocrx_word' id='word_1_196' title='bbox 951 2832 1018 2910; x_wconf 77' lang='grc' dir='ltr'><strong><em>ἐς</em></strong></span> <span class='ocrx_word' id='word_1_197' title='bbox 1059 2830 1365 2900; x_wconf 90' lang='grc' dir='ltr'><strong><em>θάνατον</em></strong></span> <span class='ocrx_word' id='word_1_198' title='bbox 1401 2828 1631 2919; x_wconf 79' lang='grc' dir='ltr'><strong><em>ᾔτουν.</em></strong></span> <span class='ocrx_word' id='word_1_199' title='bbox 1734 2834 2024 2919; x_wconf 85' lang='grc' dir='ltr'><strong><em>ταραχῆς</em></strong></span> <span class='ocrx_word' id='word_1_200' title='bbox 2066 2826 2142 2896; x_wconf 76' lang='grc' dir='ltr'><strong><em>δὲ</em></strong></span> <span class='ocrx_word' id='word_1_201' title='bbox 2170 2854 2205 2909; x_wconf 79' lang='grc'><strong>6</strong></span> 
     </span>
     <span class='ocr_line' id='line_1_27' title="bbox 225 2931 2143 3024; baseline -0.003 -20"><span class='ocrx_word' id='word_1_202' title='bbox 225 2931 424 3021; x_wconf 79' lang='grc' dir='ltr'><strong><em>οὔσης</em></strong></span> <span class='ocrx_word' id='word_1_203' title='bbox 450 2935 604 3020; x_wconf 86' lang='grc' dir='ltr'><strong><em>περὶ</em></strong></span> <span class='ocrx_word' id='word_1_204' title='bbox 630 2931 704 3002; x_wconf 84' lang='grc' dir='ltr'><strong><em>τὸ</em></strong></span> <span class='ocrx_word' id='word_1_205' title='bbox 734 2933 1167 3024; x_wconf 86' lang='grc' dir='ltr'><strong><em>προάστειον,</em></strong></span> <span class='ocrx_word' id='word_1_206' title='bbox 1210 2940 1334 3004; x_wconf 82' lang='grc' dir='ltr'><strong><em>τοῦ</em></strong></span> <span class='ocrx_word' id='word_1_207' title='bbox 1375 2961 1448 3003; x_wconf 89' lang='grc' dir='ltr'><strong><em>τε</em></strong></span> <span class='ocrx_word' id='word_1_208' title='bbox 1488 2932 1853 3021; x_wconf 86' lang='grc' dir='ltr'><strong><em>Κομμόδου</em></strong></span> <span class='ocrx_word' id='word_1_209' title='bbox 1893 2934 1969 3000; x_wconf 79' lang='grc' dir='ltr'><strong><em>ἐν</em></strong></span> <span class='ocrx_word' id='word_1_210' title='bbox 2004 2946 2143 3010; x_wconf 74' lang='grc' dir='ltr'><strong><em>τοῖς</em></strong></span> 
     </span>
     <span class='ocr_line' id='line_1_28' title="bbox 225 3031 2141 3126; baseline -0.002 -19"><span class='ocrx_word' id='word_1_211' title='bbox 225 3034 762 3124; x_wconf 83' lang='grc' dir='ltr'><strong><em>ἀνακεχωρηκόσι</em></strong></span> <span class='ocrx_word' id='word_1_212' title='bbox 788 3037 1016 3117; x_wconf 81' lang='grc' dir='ltr'><strong><em>τόποις</em></strong></span> <span class='ocrx_word' id='word_1_213' title='bbox 1043 3033 1319 3126; x_wconf 78' lang='grc' dir='ltr'><strong><em>ἡδοναῖς</em></strong></span> <span class='ocrx_word' id='word_1_214' title='bbox 1346 3036 1792 3126; x_wconf 78' lang='grc' dir='ltr'><strong><em>σχολάζοντος,</em></strong></span> <span class='ocrx_word' id='word_1_215' title='bbox 1810 3031 2141 3122; x_wconf 85' lang='grc' dir='ltr'><strong><em>ἀγνοοῦν-</em></strong></span> 
     </span>
     <span class='ocr_line' id='line_1_29' title="bbox 226 3134 2189 3231; baseline -0.002 -23"><span class='ocrx_word' id='word_1_216' title='bbox 226 3139 334 3220; x_wconf 88' lang='grc' dir='ltr'><strong><em>τός</em></strong></span> <span class='ocrx_word' id='word_1_217' title='bbox 359 3166 432 3207; x_wconf 91' lang='grc' dir='ltr'><strong><em>τε</em></strong></span> <span class='ocrx_word' id='word_1_218' title='bbox 455 3137 538 3208; x_wconf 77' lang='grc' dir='ltr'><strong><em>τὰ</em></strong></span> <span class='ocrx_word' id='word_1_219' title='bbox 563 3136 1034 3231; x_wconf 81' lang='grc' dir='ltr'><strong><em>θρυλούμενα,</em></strong></span> <span class='ocrx_word' id='word_1_220' title='bbox 1079 3143 1355 3231; x_wconf 80' lang='grc' dir='ltr'><strong><em>ἐπείπερ</em></strong></span> <span class='ocrx_word' id='word_1_221' title='bbox 1397 3136 1434 3210; x_wconf 82' lang='grc' dir='ltr'>ὁ</span> <span class='ocrx_word' id='word_1_222' title='bbox 1475 3141 1863 3227; x_wconf 81' lang='grc' dir='ltr'><strong><em>Κλέανδρος</em></strong></span> <span class='ocrx_word' id='word_1_223' title='bbox 1902 3134 2142 3224; x_wconf 82' lang='grc' dir='ltr'><strong><em>ἀγγέλ-</em></strong></span> <span class='ocrx_word' id='word_1_224' title='bbox 2180 3188 2189 3197; x_wconf 85' lang='grc'><strong><em>.</em></strong></span> 
     </span>
     <span class='ocr_line' id='line_1_30' title="bbox 141 3238 2142 3335; baseline -0.002 -23"><span class='ocrx_word' id='word_1_225' title='bbox 141 3266 148 3275; x_wconf 94' lang='grc'><em>·</em></span> <span class='ocrx_word' id='word_1_226' title='bbox 229 3249 472 3313; x_wconf 89' lang='grc' dir='ltr'><strong><em>λεσθαί</em></strong></span> <span class='ocrx_word' id='word_1_227' title='bbox 507 3269 572 3311; x_wconf 90' lang='grc' dir='ltr'><strong><em>τι</em></strong></span> <span class='ocrx_word' id='word_1_228' title='bbox 610 3248 750 3312; x_wconf 91' lang='grc' dir='ltr'><strong><em>τῶν</em></strong></span> <span class='ocrx_word' id='word_1_229' title='bbox 791 3246 1265 3335; x_wconf 80' lang='grc' dir='ltr'><strong><em>πραττομένων</em></strong></span> <span class='ocrx_word' id='word_1_230' title='bbox 1308 3243 1607 3313; x_wconf 73' lang='grc' dir='ltr'><strong><em>ἐκώλυεν</em></strong></span> <span class='ocrx_word' id='word_1_231' title='bbox 1654 3238 1869 3335; x_wconf 76' lang='grc' dir='ltr'><strong><em>αὐτῷ,</em></strong></span> <span class='ocrx_word' id='word_1_232' title='bbox 1912 3246 2142 3327; x_wconf 79' lang='grc' dir='ltr'><strong><em>αἰφνι-</em></strong></span> 
     </span>
     <span class='ocr_line' id='line_1_31' title="bbox 151 3343 2149 3436; baseline -0.004 -19"><span class='ocrx_word' id='word_1_233' title='bbox 151 3376 204 3417; x_wconf 67' lang='lat' dir='ltr'><strong><em>ao</em></strong></span> <span class='ocrx_word' id='word_1_234' title='bbox 236 3352 420 3430; x_wconf 87' lang='grc' dir='ltr'><strong><em>δίως,</em></strong></span> <span class='ocrx_word' id='word_1_235' title='bbox 475 3343 558 3414; x_wconf 81' lang='grc' dir='ltr'><strong><em>οὐ</em></strong></span> <span class='ocrx_word' id='word_1_236' title='bbox 625 3350 1130 3436; x_wconf 73' lang='grc' dir='ltr'><strong><em>προσδοκῶντος</em></strong></span> <span class='ocrx_word' id='word_1_237' title='bbox 1193 3352 1319 3417; x_wconf 79' lang='grc' dir='ltr'><strong><em>τοῦ</em></strong></span> <span class='ocrx_word' id='word_1_238' title='bbox 1370 3345 1623 3435; x_wconf 89' lang='grc' dir='ltr'><strong><em>δήμου,</em></strong></span> <span class='ocrx_word' id='word_1_239' title='bbox 1680 3347 2149 3432; x_wconf 80' lang='grc' dir='ltr'><strong><em>ἐπιφαίνονται</em></strong></span> 
     </span>
     <span class='ocr_line' id='line_1_32' title="bbox 239 3445 2156 3537; baseline -0.002 -19"><span class='ocrx_word' id='word_1_240' title='bbox 239 3445 636 3537; x_wconf 73' lang='grc' dir='ltr'><strong><em>ὡπλισμένοι</em></strong></span> <span class='ocrx_word' id='word_1_241' title='bbox 687 3450 1125 3530; x_wconf 76' lang='grc' dir='ltr'><strong><em>κελεῦσαντος</em></strong></span> <span class='ocrx_word' id='word_1_242' title='bbox 1175 3455 1297 3519; x_wconf 82' lang='grc' dir='ltr'><strong><em>τοῦ</em></strong></span> <span class='ocrx_word' id='word_1_243' title='bbox 1341 3448 1739 3535; x_wconf 78' lang='grc' dir='ltr'><strong><em>Κλεάνδρου</em></strong></span> <span class='ocrx_word' id='word_1_244' title='bbox 1793 3446 2036 3527; x_wconf 86' lang='grc' dir='ltr'><strong><em>πάντες</em></strong></span> <span class='ocrx_word' id='word_1_245' title='bbox 2086 3450 2156 3515; x_wconf 77' lang='grc' dir='ltr'><strong><em>οἱ</em></strong></span> 
     </span>
     <span class='ocr_line' id='line_1_33' title="bbox 234 3549 2151 3641; baseline -0.003 -20"><span class='ocrx_word' id='word_1_246' title='bbox 234 3559 553 3641; x_wconf 85' lang='grc' dir='ltr'><strong><em>βασίλειοι</em></strong></span> <span class='ocrx_word' id='word_1_247' title='bbox 583 3554 838 3639; x_wconf 68' lang='grc' dir='ltr'><strong><em>ἱππεῖς,</em></strong></span> <span class='ocrx_word' id='word_1_248' title='bbox 877 3551 1035 3633; x_wconf 77' lang='grc' dir='ltr'><strong><em>τούς</em></strong></span> <span class='ocrx_word' id='word_1_249' title='bbox 1059 3579 1134 3622; x_wconf 87' lang='grc' dir='ltr'><strong><em>τε</em></strong></span> <span class='ocrx_word' id='word_1_250' title='bbox 1163 3551 1689 3639; x_wconf 85' lang='grc' dir='ltr'><strong><em>ἐντυγχάνοντας</em></strong></span> <span class='ocrx_word' id='word_1_251' title='bbox 1716 3558 2001 3640; x_wconf 82' lang='grc' dir='ltr'><strong><em>ἔβαλλον</em></strong></span> <span class='ocrx_word' id='word_1_252' title='bbox 2038 3549 2151 3617; x_wconf 84' lang='grc' dir='ltr'><strong><em>καὶ</em></strong></span> 
     </span>
    </p>
   </div>
  </div>
 </body>
</html>
