2475 3859
397 82 408 91 ·
497 26 606 121 98'
1318 60 1623 121 TPITON

498 230 664 322 πρὸς
703 222 858 314 τους
897 230 1279 321 βαρβάρους
1314 237 1599 321 μετρίως
1636 229 2051 320 ἐφρόντιζεν,
2096 235 2399 322 ἐπειρᾶτο

499 336 574 406 δὲ
600 340 1020 405 οἰκειοῦσθαι
1047 326 1128 403 τά
1152 333 1628 423 στρατεύματα,
1642 336 1755 404 καὶ
1774 333 2021 416 πάντας
2038 331 2399 406 ἀνέπειθεν

499 441 566 521 ἐς
594 428 801 507 αὑτὸν
826 439 1100 525 βλέπειν
1126 437 1368 525 μόνον,
1410 437 1651 526 ἐμνᾶτό
1687 464 1761 507 τε
1782 440 1981 507 παντὶ
2018 434 2247 531 τρόπῳ
2282 438 2401 527 τὴν
2474 483 2475 516 2

438 563 472 615 2
501 547 887 632 μοναρχίαν,
917 540 1297 629 διαβάλλων
1322 538 1440 609 τὸν
1468 538 1783 629 ἀδελφόν.
1886 536 1923 611 ὃ
1952 542 2029 611 δὲ
2053 540 2271 631 πατὴρ
2298 545 2401 611 ἐπὶ
2474 539 2475 566 ’

497 643 670 715 πολὺ
697 650 916 713 νοσῶν
942 645 1054 713 καὶ
1073 642 1241 733 πρὸς
1264 640 1383 713 τὸν
1406 643 1708 714 θάνατον
1723 642 2085 732 βραδύνων
2102 642 2395 733 ἐπαχθὴς
2422 670 2439 705 5

497 745 678 841 αὐτῷ
703 748 815 817 καὶ
843 742 1120 835 ὀχληρὰς
1147 745 1488 835 ἐφαίνετο·
1530 744 1852 819 ἀνέπειθέ
1886 774 1957 816 τε
1996 746 2269 837 ἰατροὺς
2296 750 2401 817 καὶ

497 848 826 937 ὑπηρέτας
866 856 1326 938 κακουργῆσαί
1374 877 1437 920 τι
1482 852 1635 940 περὶ
1686 841 1807 939 τὴν
1860 857 2232 939 θεραπείαν
2286 858 2401 922 τοῦ

496 956 841 1045 γέροντος,
883 950 971 1034 ὥς
1013 947 1098 1022 ἀν
1149 960 1401 1023 θᾶττον
1451 950 1664 1023 αὐτοῦ
1718 950 2146 1043 ἀπαλλαγείη.
2220 952 2400 1041 πλὴν

497 1054 664 1127 ἀλλὰ
691 1055 878 1144 μόλις
905 1056 1064 1127 ποτε
1091 1063 1416 1145 Σεεῆρος,
1452 1055 1631 1147 λύπῃ
1658 1054 1733 1125 τό
1760 1063 2071 1126 πλεῖστον
2098 1062 2398 1145 διαφθα-

498 1167 670 1250 ρείς,
703 1156 1120 1229 ἀνεπαύσατο
1149 1163 1267 1228 τοῦ
1294 1166 1485 1246 βίου,
1513 1156 1905 1241 ἐνδοξότατα
1933 1159 2205 1248 βιώσας,
2238 1156 2397 1229 ὅσον
2426 1181 2454 1218 ¹⁰

438 1283 472 1337 3
498 1261 664 1351 πρὸς
689 1260 770 1331 τὰ
813 1262 1167 1350 πολεμικά,
1205 1268 1345 1332 τῶν
1383 1260 1650 1332 πώποτε
1688 1264 2019 1350 βασιλέων
2038 1285 2053 1300 ·
2090 1259 2244 1331 οὔτε
2276 1262 2396 1351 γὰρ

499 1365 790 1454 ἐμφύλια
821 1361 964 1435 κατ’
1010 1368 1277 1453 ἐχθρῶν
1318 1358 1473 1434 οὕτε
1512 1366 1667 1448 ξένα
1701 1361 1865 1435 κατὰ
1905 1363 2267 1455 βαρβάρων
2295 1394 2397 1435 το·-

499 1467 712 1539 σαῦτά
737 1496 836 1549 τις
863 1466 991 1558 πρὸ
1019 1463 1230 1538 αὐτοῦ
1274 1464 1503 1558 ἤγειρε
1543 1467 1848 1558 τρόπαια.
1901 1467 2305 1556 βασιλεύσας
2333 1468 2399 1536 δὲ

399 1580 544 1659 „1²2¹ss
549 1568 1000 1641 ὀκτωκαίδεκα
1027 1578 1244 1641 ἔτεσιν
1260 1574 1369 1641 ἐπὶ
1386 1572 1575 1641 παισὶ
1588 1577 1885 1652 νεανίαις
1900 1567 2282 1659 διαδόχοις’
2240 1598 2397 1640 ανε-

500 1675 834 1763 παύσατο,
878 1673 1175 1763 χρήματά
1213 1702 1285 1743 τε
1324 1670 1553 1755 αὐτοῖς
1584 1671 1969 1744 καταλιπων
2014 1696 2135 1743 οσα
2170 1678 2452 1761 μηδεὶςιὸ

499 1778 781 1866 πωποτε,
800 1781 913 1848 καὶ
941 1778 1230 1867 δύναμιν
1256 1783 1679 1868 στρατιωτῶν
1704 1773 2301 1865 ἀνανταγώνιστον.

439 1899 474 1951 4
699 1877 736 1951 ὃ
766 1882 844 1952 δὲ
875 1878 1269 1961 Ἀντωνῖνος
1296 1888 1416 1950 τοῦ
1444 1878 1689 1969 πατρὸς
1716 1876 2171 1961 ἀποθανόντος
2196 1879 2395 1967 λαβό-

501 2012 698 2076 μενος
735 1988 1068 2072 ἐξουσίας,
1115 1980 1331 2065 εὐθὺς
1370 1980 1492 2071 ἀφ’
1542 1984 1759 2065 ἑστίας
1796 1982 2046 2064 πάντας
2082 1982 2395 2071 φονεύειν

501 2079 770 2175 ἤρξατο,
813 2087 971 2168 τούς
1021 2114 1094 2157 τε
1134 2083 1403 2176 ἰατροὺς
1437 2082 1732 2174 ἀνελών,
1774 2094 1847 2156 οἳ
1877 2085 1966 2175 μὴ
2007 2082 2396 2174 ὑπήκουσαν

502 2187 682 2281 αὐτῷ
709 2190 1098 2260 κελεύσαντι
1129 2196 1585 2277 κακουργῆσαι
1611 2191 1723 2259 καὶ
1750 2188 1867 2262 τὸν
1892 2186 2187 2259 θάνατον
2218 2192 2391 2259 ἐπεῖ-
2422 2210 2457 2247 2⁰

502 2296 606 2374 ξαι
656 2300 776 2360 τοῦ
830 2294 1171 2381 γέροντος,
1211 2292 1369 2372 τούς
1414 2320 1485 2361 τε
1538 2308 1809 2381 τροφεῖς
1859 2289 2069 2363 αὑτοῦ
2119 2294 2234 2361 καὶ
2282 2298 2397 2361 τοῦ

506 2392 827 2482 ἀδελφοῦ,
848 2393 1076 2483 ἐπειδὴ
1097 2396 1525 2485 προσέκειντο
1544 2402 1979 2483 λιπαροῦντες
1996 2391 2205 2465 αὐτὸν
2232 2390 2396 2479 ὑπὲρ

505 2494 814 2584 ὁμονοίας
833 2520 848 2534 ·
879 2494 1125 2567 οὐδένα
1155 2496 1232 2568 δὲ
1276 2507 1457 2568 εἴασε
1484 2500 1952 2588 περιγενέσθαι
1980 2504 2115 2567 τῶν
2143 2500 2219 2567 ἐν
2251 2506 2399 2587 τιμῇ

439 2628 470 2679 5
503 2602 882 2688 γενομένων
906 2594 950 2688 ἢ
974 2607 1307 2693 θεραπεία
1319 2607 1443 2669 τοῦ
1460 2602 1789 2691 γέροντος.
1897 2606 2037 2693 ἰδίᾳ
2064 2627 2137 2671 τε
2163 2601 2399 2691 δώροις

503 2706 616 2773 καὶ
639 2704 954 2793 μεγάλαις
969 2698 1359 2792 ὑποσχέσεσι
1386 2701 1543 2785 τοὺς
1559 2710 1697 2774 τῶν
1714 2706 2181 2793 στρατοπέδων
2194 2700 2397 2793 ἡγου-
2423 2728 2459 2771 τι

503 2808 746 2896 μένους
787 2805 1232 2896 ἐθεράπευεν,
1280 2802 1458 2888 ὅπως
1496 2802 1925 2877 ἀναπείσειαν
1966 2805 2083 2877 τὸν
2120 2806 2399 2896 στρατὸν

505 2906 844 2993 ἀποδεῖξαι
883 2908 1094 2998 μόνον
1145 2905 1633 2998 αὐτοκράτορα,
1688 2911 1801 2979 καὶ
1842 2917 2061 2981 πᾶσαν
2104 2910 2399 3018 μηχανὴν

504 3010 670 3081 κατὰ
699 3019 818 3082 τοῦ
847 3009 1150 3102 ἀδελφοῦ
1177 3012 1401 3101 ἐζήτει.
1454 3008 1535 3082 ού
1562 3002 1695 3102 μὴν
1720 3019 1953 3083 ἔπειθε
1979 3011 2051 3083 τὸ
2085 3034 2399 3101 στρατιω-

504 3114 723 3185 τικόν·
759 3118 1160 3205 μεμνημένοι
1187 3115 1265 3185 δὲ
1288 3123 1410 3185 τοῦ
1439 3115 1786 3205 Σεεήρου,
1827 3110 2011 3185 καὶ”
1973 3144 2075 3186 οτι
2114 3112 2397 3204 ἀμφοτέ-

506 3244 666 3304 ρους
694 3226 880 3299 ἴσους
907 3217 989 3306 δὴ
1018 3221 1092 3289 ἐκ
1118 3224 1381 3288 παίδων
1407 3220 1918 3307 παραθρέψειαν
1934 3270 1955 3305 ,
2000 3227 2152 3306 ἴσην
2180 3216 2396 3299 αὐτοῖς
2424 3244 2459 3285 ao

442 3333 474 3385 6
505 3316 878 3407 ὑπηρεσίαν
903 3321 1017 3388 καὶ
1045 3316 1321 3389 εὔνοιαν
1347 3326 1758 3407 παρείχοντο.
1822 3315 1855 3390 ὁ
1888 3320 1962 3390 δὲ
1991 3316 2395 3407 Ἀντωνῖνος,

507 3422 648 3491 ἐπεὶ
675 3418 763 3508 μὴ
805 3421 1164 3510 προεχώρει
1194 3420 1374 3515 αὐτῷ
1402 3420 1481 3492 τὰ
1514 3428 1649 3491 τῶν
1680 3424 2175 3513 στρατοπέδων,
2218 3444 2395 3494 σπει-

1528 3528 1564 3583 ο·
