<?xml version="1.0" encoding="UTF-8"?>
<!DOCTYPE html PUBLIC "-//W3C//DTD XHTML 1.0 Transitional//EN"
    "http://www.w3.org/TR/xhtml1/DTD/xhtml1-transitional.dtd">
<html xmlns="http://www.w3.org/1999/xhtml" xml:lang="en" lang="en">
 <head>
  <title>
</title>
<meta http-equiv="Content-Type" content="text/html;charset=utf-8" />
  <meta name='ocr-system' content='tesseract 3.04.00' />
  <meta name='ocr-capabilities' content='ocr_page ocr_carea ocr_par ocr_line ocrx_word'/>
</head>
<body>
  <div class='ocr_page' id='page_1' title='image "./herodianiabexce00bekkgoog_0057.png"; bbox 0 0 2475 3859; ppageno 0'>
   <div class='ocr_carea' id='block_1_1' title="bbox 828 150 2011 213">
    <p class='ocr_par' dir='ltr' id='par_1_1' title="bbox 828 150 2011 213">
     <span class='ocr_line' id='line_1_1' title="bbox 828 150 2011 213; baseline 0.003 -3"><span class='ocrx_word' id='word_1_1' title='bbox 828 151 1275 213; x_wconf 75' lang='lat' dir='ltr'><em>AEYTEPON</em></span> <span class='ocrx_word' id='word_1_2' title='bbox 1928 150 2011 213; x_wconf 85' lang='lat'><strong><em>45</em></strong></span> 
     </span>
    </p>
   </div>
   <div class='ocr_carea' id='block_1_2' title="bbox 2 320 2078 3621">
    <p class='ocr_par' dir='ltr' id='par_1_2' title="bbox 2 320 2078 3621">
     <span class='ocr_line' id='line_1_2' title="bbox 79 320 2009 415; baseline 0.001 -20"><span class='ocrx_word' id='word_1_3' title='bbox 79 330 269 395; x_wconf 89' lang='grc' dir='ltr'><strong><em>σθαί</em></strong></span> <span class='ocrx_word' id='word_1_4' title='bbox 301 349 374 393; x_wconf 90' lang='grc' dir='ltr'><strong><em>τε</em></strong></span> <span class='ocrx_word' id='word_1_5' title='bbox 400 325 513 393; x_wconf 87' lang='grc' dir='ltr'><strong><em>καὶ</em></strong></span> <span class='ocrx_word' id='word_1_6' title='bbox 539 322 756 394; x_wconf 74' lang='grc' dir='ltr'><strong><em>πάντα</em></strong></span> <span class='ocrx_word' id='word_1_7' title='bbox 782 323 1097 413; x_wconf 80' lang='grc' dir='ltr'><strong><em>πράττειν</em></strong></span> <span class='ocrx_word' id='word_1_8' title='bbox 1110 375 1129 410; x_wconf 92' lang='grc'><strong><em>,</em></strong></span> <span class='ocrx_word' id='word_1_9' title='bbox 1171 321 1475 415; x_wconf 72' lang='grc' dir='ltr'><strong><em>οὐδαμοῦ</em></strong></span> <span class='ocrx_word' id='word_1_10' title='bbox 1498 329 1719 414; x_wconf 83' lang='grc' dir='ltr'><strong><em>τῦφον</em></strong></span> <span class='ocrx_word' id='word_1_11' title='bbox 1757 320 1800 415; x_wconf 81' lang='grc' dir='ltr'><strong><em>ἢ</em></strong></span> <span class='ocrx_word' id='word_1_12' title='bbox 1840 350 2009 415; x_wconf 82' lang='grc' dir='ltr'><strong><em>πομ-</em></strong></span> 
     </span>
     <span class='ocr_line' id='line_1_3' title="bbox 81 425 1116 519; baseline -0.002 -22"><span class='ocrx_word' id='word_1_13' title='bbox 81 425 232 516; x_wconf 84' lang='grc' dir='ltr'><strong><em>πὴν</em></strong></span> <span class='ocrx_word' id='word_1_14' title='bbox 261 427 718 519; x_wconf 77' lang='grc' dir='ltr'><strong><em>παρεχόμενον</em></strong></span> <span class='ocrx_word' id='word_1_15' title='bbox 742 426 1116 517; x_wconf 80' lang='grc' dir='ltr'><strong><em>βασιλικήν.</em></strong></span> 
     </span>
     <span class='ocr_line' id='line_1_4' title="bbox 301 526 2078 623; baseline 0.003 -25"><span class='ocrx_word' id='word_1_16' title='bbox 301 530 611 619; x_wconf 80' lang='grc' dir='ltr'><strong><em>τοιαύτης</em></strong></span> <span class='ocrx_word' id='word_1_17' title='bbox 641 532 716 601; x_wconf 75' lang='grc' dir='ltr'><strong><em>δὲ</em></strong></span> <span class='ocrx_word' id='word_1_18' title='bbox 746 526 1087 621; x_wconf 74' lang='grc' dir='ltr'><em>εὐμοιρίας</em></span> <span class='ocrx_word' id='word_1_19' title='bbox 1113 532 1228 600; x_wconf 82' lang='grc' dir='ltr'><strong><em>καὶ</em></strong></span> <span class='ocrx_word' id='word_1_20' title='bbox 1266 526 1573 613; x_wconf 77' lang='grc' dir='ltr'><strong><em>εὐταξίας</em></strong></span> <span class='ocrx_word' id='word_1_21' title='bbox 1607 531 2009 623; x_wconf 70' lang='grc' dir='ltr'><strong><em>κατεχούσης</em></strong></span> <span class='ocrx_word' id='word_1_22' title='bbox 2040 547 2078 608; x_wconf 89' lang='grc'>5</span> 
     </span>
     <span class='ocr_line' id='line_1_5' title="bbox 79 631 2009 724; baseline 0.001 -21"><span class='ocrx_word' id='word_1_23' title='bbox 79 632 212 703; x_wconf 84' lang='grc' dir='ltr'><strong><em>τὸν</em></strong></span> <span class='ocrx_word' id='word_1_24' title='bbox 257 639 440 721; x_wconf 87' lang='grc' dir='ltr'><strong><em>βίον,</em></strong></span> <span class='ocrx_word' id='word_1_25' title='bbox 481 634 674 724; x_wconf 83' lang='grc' dir='ltr'><strong><em>μόνοι</em></strong></span> <span class='ocrx_word' id='word_1_26' title='bbox 711 639 780 704; x_wconf 71' lang='grc' dir='ltr'><strong><em>οἱ</em></strong></span> <span class='ocrx_word' id='word_1_27' title='bbox 816 633 1184 724; x_wconf 75' lang='grc' dir='ltr'><strong><em>δορυφόροι</em></strong></span> <span class='ocrx_word' id='word_1_28' title='bbox 1199 684 1218 718; x_wconf 91' lang='grc'><strong><em>,</em></strong></span> <span class='ocrx_word' id='word_1_29' title='bbox 1256 631 1693 721; x_wconf 88' lang='grc' dir='ltr'><strong><em>ἀσχάλλοντες</em></strong></span> <span class='ocrx_word' id='word_1_30' title='bbox 1732 635 1857 724; x_wconf 75' lang='grc' dir='ltr'><strong><em>μὲν</em></strong></span> <span class='ocrx_word' id='word_1_31' title='bbox 1899 636 2009 706; x_wconf 87' lang='grc' dir='ltr'><strong><em>ἐπὶ</em></strong></span> 
     </span>
     <span class='ocr_line' id='line_1_6' title="bbox 17 734 2010 828; baseline 0.003 -22"><span class='ocrx_word' id='word_1_32' title='bbox 17 758 48 799; x_wconf 71' lang='lat'><strong>⁶</strong></span> <span class='ocrx_word' id='word_1_33' title='bbox 81 753 231 817; x_wconf 82' lang='grc' dir='ltr'><strong><em>τοῖς</em></strong></span> <span class='ocrx_word' id='word_1_34' title='bbox 259 743 569 827; x_wconf 82' lang='grc' dir='ltr'><strong><em>παροῦσι,</em></strong></span> <span class='ocrx_word' id='word_1_35' title='bbox 597 742 969 819; x_wconf 79' lang='grc' dir='ltr'><strong><em>ποθοῦντες</em></strong></span> <span class='ocrx_word' id='word_1_36' title='bbox 996 738 1070 807; x_wconf 71' lang='grc' dir='ltr'><strong><em>δὲ</em></strong></span> <span class='ocrx_word' id='word_1_37' title='bbox 1096 734 1213 817; x_wconf 73' lang='grc' dir='ltr'><strong><em>τὰς</em></strong></span> <span class='ocrx_word' id='word_1_38' title='bbox 1241 739 1352 807; x_wconf 86' lang='grc' dir='ltr'><strong><em>ἐπὶ</em></strong></span> <span class='ocrx_word' id='word_1_39' title='bbox 1376 743 1493 827; x_wconf 85' lang='grc' dir='ltr'><strong><em>τῆς</em></strong></span> <span class='ocrx_word' id='word_1_40' title='bbox 1520 741 2010 828; x_wconf 84' lang='grc' dir='ltr'><strong><em>προγενομένης</em></strong></span> 
     </span>
     <span class='ocr_line' id='line_1_7' title="bbox 81 837 2011 931; baseline 0.002 -22"><span class='ocrx_word' id='word_1_41' title='bbox 81 845 496 931; x_wconf 75' lang='grc' dir='ltr'><strong><em>τυραννίδος</em></strong></span> <span class='ocrx_word' id='word_1_42' title='bbox 532 837 835 931; x_wconf 78' lang='grc' dir='ltr'><strong><em>ἁρπαγάς</em></strong></span> <span class='ocrx_word' id='word_1_43' title='bbox 873 868 945 910; x_wconf 88' lang='grc' dir='ltr'><strong><em>τε</em></strong></span> <span class='ocrx_word' id='word_1_44' title='bbox 981 842 1096 910; x_wconf 82' lang='grc' dir='ltr'><strong><em>καὶ</em></strong></span> <span class='ocrx_word' id='word_1_45' title='bbox 1135 846 1286 928; x_wconf 82' lang='grc' dir='ltr'><strong><em>βίας</em></strong></span> <span class='ocrx_word' id='word_1_46' title='bbox 1324 847 1400 911; x_wconf 80' lang='grc' dir='ltr'><strong><em>ἒν</em></strong></span> <span class='ocrx_word' id='word_1_47' title='bbox 1437 868 1511 909; x_wconf 87' lang='grc' dir='ltr'><strong><em>τε</em></strong></span> <span class='ocrx_word' id='word_1_48' title='bbox 1548 837 1861 922; x_wconf 81' lang='grc' dir='ltr'><strong><em>ἀσωτίαις</em></strong></span> <span class='ocrx_word' id='word_1_49' title='bbox 1898 845 2011 913; x_wconf 82' lang='grc' dir='ltr'><strong><em>καὶ</em></strong></span> 
     </span>
     <span class='ocr_line' id='line_1_8' title="bbox 83 939 2006 1036; baseline 0.002 -23"><span class='ocrx_word' id='word_1_50' title='bbox 83 941 494 1033; x_wconf 85' lang='grc' dir='ltr'><strong><em>κραιπάλαις</em></strong></span> <span class='ocrx_word' id='word_1_51' title='bbox 508 996 528 1031; x_wconf 93' lang='grc'><strong><em>,</em></strong></span> <span class='ocrx_word' id='word_1_52' title='bbox 557 942 1042 1033; x_wconf 80' lang='grc' dir='ltr'><strong><em>ἐβουλεύσαντο</em></strong></span> <span class='ocrx_word' id='word_1_53' title='bbox 1067 939 1657 1015; x_wconf 71' lang='grc' dir='ltr'><strong><em>ἀποσκευάσασθαι</em></strong></span> <span class='ocrx_word' id='word_1_54' title='bbox 1682 943 1803 1015; x_wconf 85' lang='grc' dir='ltr'><strong><em>τὸν</em></strong></span> <span class='ocrx_word' id='word_1_55' title='bbox 1824 954 2006 1036; x_wconf 89' lang='grc' dir='ltr'><strong><em>Περ-</em></strong></span> 
     </span>
     <span class='ocr_line' id='line_1_9' title="bbox 83 1042 2018 1139; baseline 0.001 -22"><span class='ocrx_word' id='word_1_56' title='bbox 83 1054 335 1117; x_wconf 90' lang='grc' dir='ltr'><strong><em>τίνακα</em></strong></span> <span class='ocrx_word' id='word_1_57' title='bbox 363 1042 452 1128; x_wconf 73' lang='grc' dir='ltr'><strong><em>ὥς</em></strong></span> <span class='ocrx_word' id='word_1_58' title='bbox 477 1045 640 1119; x_wconf 77' lang='grc' dir='ltr'><strong><em>ὄντα</em></strong></span> <span class='ocrx_word' id='word_1_59' title='bbox 664 1044 890 1130; x_wconf 79' lang='grc' dir='ltr'><strong><em>αὐτοῖς</em></strong></span> <span class='ocrx_word' id='word_1_60' title='bbox 912 1044 1136 1138; x_wconf 76' lang='grc' dir='ltr'><strong><em>βαρὺν</em></strong></span> <span class='ocrx_word' id='word_1_61' title='bbox 1157 1049 1271 1117; x_wconf 79' lang='grc' dir='ltr'><strong><em>καὶ</em></strong></span> <span class='ocrx_word' id='word_1_62' title='bbox 1298 1050 1583 1135; x_wconf 77' lang='grc' dir='ltr'><strong><em>ἐπαχθῆ,</em></strong></span> <span class='ocrx_word' id='word_1_63' title='bbox 1624 1054 1892 1139; x_wconf 75' lang='grc' dir='ltr'><strong><em>ζητῆσαι</em></strong></span> <span class='ocrx_word' id='word_1_64' title='bbox 1936 1052 2018 1119; x_wconf 84' lang='grc' dir='ltr'><strong><em>δέ</em></strong></span> 
     </span>
     <span class='ocr_line' id='line_1_10' title="bbox 86 1147 2007 1243; baseline 0.002 -24"><span class='ocrx_word' id='word_1_65' title='bbox 86 1178 246 1220; x_wconf 90' lang='grc' dir='ltr'><strong><em>τινα</em></strong></span> <span class='ocrx_word' id='word_1_66' title='bbox 281 1147 400 1220; x_wconf 80' lang='grc' dir='ltr'><strong><em>τὸν</em></strong></span> <span class='ocrx_word' id='word_1_67' title='bbox 439 1150 656 1221; x_wconf 80' lang='grc' dir='ltr'><strong><em>πάλιν·</em></strong></span> <span class='ocrx_word' id='word_1_68' title='bbox 693 1148 919 1232; x_wconf 80' lang='grc' dir='ltr'><strong><em>αὐτοῖς</em></strong></span> <span class='ocrx_word' id='word_1_69' title='bbox 958 1147 1198 1221; x_wconf 75' lang='grc' dir='ltr'><strong><em>ἄνετον</em></strong></span> <span class='ocrx_word' id='word_1_70' title='bbox 1232 1152 1347 1219; x_wconf 82' lang='grc' dir='ltr'><strong><em>καὶ</em></strong></span> <span class='ocrx_word' id='word_1_71' title='bbox 1398 1148 1764 1223; x_wconf 79' lang='grc' dir='ltr'><strong><em>ἀκόλαστον</em></strong></span> <span class='ocrx_word' id='word_1_72' title='bbox 1802 1155 1979 1243; x_wconf 88' lang='grc' dir='ltr'><strong><em>παρέ</em></strong></span> <span class='ocrx_word' id='word_1_73' title='bbox 1979 1194 2007 1205; x_wconf 74' lang='lat'>-</span> 
     </span>
     <span class='ocr_line' id='line_1_11' title="bbox 2 1251 2071 1347; baseline 0 -27"><span class='ocrx_word' id='word_1_74' title='bbox 2 1280 56 1321; x_wconf 81' lang='grc' dir='ltr'><strong><em>ιο</em></strong></span> <span class='ocrx_word' id='word_1_75' title='bbox 87 1256 294 1337; x_wconf 82' lang='grc' dir='ltr'><strong><em>ξοντα</em></strong></span> <span class='ocrx_word' id='word_1_76' title='bbox 322 1256 647 1337; x_wconf 80' lang='grc' dir='ltr'><strong><em>ἐξουσίαν.</em></strong></span> <span class='ocrx_word' id='word_1_77' title='bbox 686 1271 691 1277; x_wconf 85' lang='grc'><strong>’</strong></span> <span class='ocrx_word' id='word_1_78' title='bbox 751 1259 1110 1345; x_wconf 76' lang='grc' dir='ltr'><strong><em>αἰφνιδίως</em></strong></span> <span class='ocrx_word' id='word_1_79' title='bbox 1135 1261 1389 1341; x_wconf 91' lang='grc' dir='ltr'><strong><em>τοίνυν,</em></strong></span> <span class='ocrx_word' id='word_1_80' title='bbox 1416 1251 1693 1336; x_wconf 76' lang='grc' dir='ltr'><strong><em>οὐδενὸς</em></strong></span> <span class='ocrx_word' id='word_1_81' title='bbox 1719 1261 2005 1347; x_wconf 82' lang='grc' dir='ltr'><strong><em>προσδο-</em></strong></span> <span class='ocrx_word' id='word_1_82' title='bbox 2035 1268 2071 1321; x_wconf 75' lang='lat'><strong>2</strong></span> 
     </span>
     <span class='ocr_line' id='line_1_12' title="bbox 87 1353 2009 1452; baseline 0.002 -26"><span class='ocrx_word' id='word_1_83' title='bbox 87 1362 349 1437; x_wconf 75' lang='grc' dir='ltr'><strong><em>κῶντος</em></strong></span> <span class='ocrx_word' id='word_1_84' title='bbox 373 1354 543 1429; x_wconf 79' lang='grc' dir='ltr'><strong><em>ἀλλὰ</em></strong></span> <span class='ocrx_word' id='word_1_85' title='bbox 569 1355 842 1429; x_wconf 79' lang='grc' dir='ltr'><strong><em>πάντων</em></strong></span> <span class='ocrx_word' id='word_1_86' title='bbox 869 1362 943 1428; x_wconf 87' lang='grc' dir='ltr'><strong><em>ἐν</em></strong></span> <span class='ocrx_word' id='word_1_87' title='bbox 969 1353 1212 1449; x_wconf 76' lang='grc' dir='ltr'><strong><em>ἡσυχίᾳ</em></strong></span> <span class='ocrx_word' id='word_1_88' title='bbox 1241 1358 1765 1448; x_wconf 84' lang='grc' dir='ltr'><strong><em>διατριβόντων,</em></strong></span> <span class='ocrx_word' id='word_1_89' title='bbox 1804 1365 2009 1452; x_wconf 75' lang='grc' dir='ltr'><strong><em>θυμῷ</em></strong></span> 
     </span>
     <span class='ocr_line' id='line_1_13' title="bbox 87 1456 2009 1556; baseline 0.002 -27"><span class='ocrx_word' id='word_1_90' title='bbox 87 1462 210 1530; x_wconf 83' lang='grc' dir='ltr'><strong><em>καὶ</em></strong></span> <span class='ocrx_word' id='word_1_91' title='bbox 236 1456 460 1555; x_wconf 88' lang='grc' dir='ltr'><strong><em>ἀλόγῳ</em></strong></span> <span class='ocrx_word' id='word_1_92' title='bbox 487 1457 659 1551; x_wconf 82' lang='grc' dir='ltr'><strong><em>ὁρμῇ</em></strong></span> <span class='ocrx_word' id='word_1_93' title='bbox 686 1464 761 1531; x_wconf 86' lang='grc' dir='ltr'><strong><em>ἐκ</em></strong></span> <span class='ocrx_word' id='word_1_94' title='bbox 793 1466 916 1533; x_wconf 82' lang='grc' dir='ltr'><strong><em>τοῦ</em></strong></span> <span class='ocrx_word' id='word_1_95' title='bbox 952 1464 1405 1549; x_wconf 86' lang='grc' dir='ltr'><strong><em>στρατοπέδου</em></strong></span> <span class='ocrx_word' id='word_1_96' title='bbox 1456 1460 1683 1556; x_wconf 88' lang='grc' dir='ltr'><strong><em>δρόμῳ</em></strong></span> <span class='ocrx_word' id='word_1_97' title='bbox 1721 1462 2009 1552; x_wconf 86' lang='grc' dir='ltr'><strong><em>φερόμε-</em></strong></span> 
     </span>
     <span class='ocr_line' id='line_1_14' title="bbox 87 1560 2007 1655; baseline 0 -20"><span class='ocrx_word' id='word_1_98' title='bbox 87 1592 206 1635; x_wconf 87' lang='grc' dir='ltr'><strong><em>νοι</em></strong></span> <span class='ocrx_word' id='word_1_99' title='bbox 245 1561 435 1635; x_wconf 82' lang='grc' dir='ltr'><strong><em>αὐτοὶ</em></strong></span> <span class='ocrx_word' id='word_1_100' title='bbox 473 1560 720 1655; x_wconf 82' lang='grc' dir='ltr'><strong><em>ἡμέρας</em></strong></span> <span class='ocrx_word' id='word_1_101' title='bbox 757 1562 1170 1654; x_wconf 77' lang='grc' dir='ltr'><strong><em>ἀκμαζούσης</em></strong></span> <span class='ocrx_word' id='word_1_102' title='bbox 1209 1567 1614 1654; x_wconf 80' lang='grc' dir='ltr'><strong><em>ἐπεισῆλθον</em></strong></span> <span class='ocrx_word' id='word_1_103' title='bbox 1646 1582 1783 1646; x_wconf 79' lang='grc' dir='ltr'><strong><em>τοῖς</em></strong></span> <span class='ocrx_word' id='word_1_104' title='bbox 1815 1574 2007 1654; x_wconf 88' lang='grc' dir='ltr'><strong><em>βασι-</em></strong></span> 
     </span>
     <span class='ocr_line' id='line_1_15' title="bbox 91 1665 2005 1760; baseline 0.002 -24"><span class='ocrx_word' id='word_1_105' title='bbox 91 1673 304 1760; x_wconf 86' lang='grc' dir='ltr'><strong><em>λείοις</em></strong></span> <span class='ocrx_word' id='word_1_106' title='bbox 323 1719 343 1754; x_wconf 94' lang='grc'><strong><em>,</em></strong></span> <span class='ocrx_word' id='word_1_107' title='bbox 370 1666 452 1737; x_wconf 88' lang='grc' dir='ltr'><strong><em>τά</em></strong></span> <span class='ocrx_word' id='word_1_108' title='bbox 476 1695 549 1737; x_wconf 89' lang='grc' dir='ltr'><strong><em>τε</em></strong></span> <span class='ocrx_word' id='word_1_109' title='bbox 577 1665 826 1757; x_wconf 83' lang='grc' dir='ltr'><strong><em>δόρατα</em></strong></span> <span class='ocrx_word' id='word_1_110' title='bbox 854 1667 1345 1757; x_wconf 74' lang='grc' dir='ltr'><strong><em>διατεινάμενοι</em></strong></span> <span class='ocrx_word' id='word_1_111' title='bbox 1373 1670 1485 1737; x_wconf 80' lang='grc' dir='ltr'><strong><em>καὶ</em></strong></span> <span class='ocrx_word' id='word_1_112' title='bbox 1518 1666 1601 1737; x_wconf 78' lang='grc' dir='ltr'><strong><em>τὰ</em></strong></span> <span class='ocrx_word' id='word_1_113' title='bbox 1640 1670 1799 1758; x_wconf 80' lang='grc' dir='ltr'><strong><em>ξίφη</em></strong></span> <span class='ocrx_word' id='word_1_114' title='bbox 1835 1689 2005 1739; x_wconf 83' lang='grc' dir='ltr'><strong><em>σπα-</em></strong></span> 
     </span>
     <span class='ocr_line' id='line_1_16' title="bbox 15 1767 2072 1864; baseline -0.003 -18"><span class='ocrx_word' id='word_1_115' title='bbox 15 1806 60 1847; x_wconf 78' lang='lat'><strong><em>15</em></strong></span> <span class='ocrx_word' id='word_1_116' title='bbox 93 1770 395 1859; x_wconf 84' lang='grc' dir='ltr'><strong><em>σάμενοι.</em></strong></span> <span class='ocrx_word' id='word_1_117' title='bbox 499 1798 591 1864; x_wconf 92' lang='grc' dir='ltr'><strong><em>τῳ</em></strong></span> <span class='ocrx_word' id='word_1_118' title='bbox 621 1772 697 1841; x_wconf 76' lang='grc' dir='ltr'><strong><em>δὲ</em></strong></span> <span class='ocrx_word' id='word_1_119' title='bbox 733 1770 1086 1864; x_wconf 80' lang='grc' dir='ltr'><strong><em>παραδόξῳ</em></strong></span> <span class='ocrx_word' id='word_1_120' title='bbox 1122 1775 1246 1843; x_wconf 78' lang='grc' dir='ltr'><strong><em>τοῦ</em></strong></span> <span class='ocrx_word' id='word_1_121' title='bbox 1270 1777 1471 1859; x_wconf 78' lang='grc' dir='ltr'><strong><em>ἔργου</em></strong></span> <span class='ocrx_word' id='word_1_122' title='bbox 1496 1774 1611 1841; x_wconf 78' lang='grc' dir='ltr'><strong><em>καὶ</em></strong></span> <span class='ocrx_word' id='word_1_123' title='bbox 1636 1767 2009 1864; x_wconf 90' lang='grc' dir='ltr'><strong><em>ἀνελπίστῳ</em></strong></span> <span class='ocrx_word' id='word_1_124' title='bbox 2036 1786 2072 1839; x_wconf 83' lang='grc'>3</span> 
     </span>
     <span class='ocr_line' id='line_1_17' title="bbox 91 1870 2009 1969; baseline -0.001 -24"><span class='ocrx_word' id='word_1_125' title='bbox 91 1879 164 1945; x_wconf 76' lang='grc' dir='ltr'><strong><em>οἰ</em></strong></span> <span class='ocrx_word' id='word_1_126' title='bbox 202 1875 278 1943; x_wconf 92' lang='grc' dir='ltr'><strong><em>ἐν</em></strong></span> <span class='ocrx_word' id='word_1_127' title='bbox 315 1879 397 1963; x_wconf 81' lang='grc' dir='ltr'><strong><em>τῇ</em></strong></span> <span class='ocrx_word' id='word_1_128' title='bbox 439 1880 756 1969; x_wconf 87' lang='grc' dir='ltr'><strong><em>βασιλείῳ</em></strong></span> <span class='ocrx_word' id='word_1_129' title='bbox 801 1870 1132 1966; x_wconf 85' lang='grc' dir='ltr'><strong><em>υπηρεσία</em></strong></span> <span class='ocrx_word' id='word_1_130' title='bbox 1165 1876 1647 1963; x_wconf 83' lang='grc' dir='ltr'><strong><em>ταραχθέντες,</em></strong></span> <span class='ocrx_word' id='word_1_131' title='bbox 1686 1872 1898 1962; x_wconf 82' lang='grc' dir='ltr'><strong><em>ὀλίγοι</em></strong></span> <span class='ocrx_word' id='word_1_132' title='bbox 1934 1902 2009 1943; x_wconf 89' lang='grc' dir='ltr'><strong><em>τε</em></strong></span> 
     </span>
     <span class='ocr_line' id='line_1_18' title="bbox 93 1972 2011 2067; baseline 0.001 -20"><span class='ocrx_word' id='word_1_133' title='bbox 93 1974 266 2067; x_wconf 83' lang='grc' dir='ltr'><strong><em>πρὸς</em></strong></span> <span class='ocrx_word' id='word_1_134' title='bbox 306 1976 592 2058; x_wconf 91' lang='grc' dir='ltr'><strong><em>πολλους</em></strong></span> <span class='ocrx_word' id='word_1_135' title='bbox 642 1981 756 2048; x_wconf 78' lang='grc' dir='ltr'><strong><em>καὶ</em></strong></span> <span class='ocrx_word' id='word_1_136' title='bbox 801 1976 1083 2049; x_wconf 81' lang='grc' dir='ltr'><strong><em>ἄνοπλοι</em></strong></span> <span class='ocrx_word' id='word_1_137' title='bbox 1122 1974 1290 2066; x_wconf 78' lang='grc' dir='ltr'><strong><em>πρὸς</em></strong></span> <span class='ocrx_word' id='word_1_138' title='bbox 1342 1972 2011 2065; x_wconf 74' lang='grc' dir='ltr'><strong><em>ὦπλισμένους,ουκ</em></strong></span> 
     </span>
     <span class='ocr_line' id='line_1_19' title="bbox 95 2078 2010 2172; baseline 0.001 -23"><span class='ocrx_word' id='word_1_139' title='bbox 95 2087 342 2169; x_wconf 77' lang='grc' dir='ltr'><strong><em>ἔμενον</em></strong></span> <span class='ocrx_word' id='word_1_140' title='bbox 357 2131 376 2167; x_wconf 91' lang='lat'>‚</span> <span class='ocrx_word' id='word_1_141' title='bbox 406 2078 551 2151; x_wconf 84' lang='grc' dir='ltr'><strong><em>ἀλλ’</em></strong></span> <span class='ocrx_word' id='word_1_142' title='bbox 583 2084 856 2162; x_wconf 79' lang='grc' dir='ltr'><strong><em>ἕκαστος</em></strong></span> <span class='ocrx_word' id='word_1_143' title='bbox 881 2110 967 2171; x_wconf 92' lang='grc' dir='ltr'><strong><em>ην</em></strong></span> <span class='ocrx_word' id='word_1_144' title='bbox 993 2084 1433 2170; x_wconf 76' lang='grc' dir='ltr'><strong><em>ἐγκεχείριστο</em></strong></span> <span class='ocrx_word' id='word_1_145' title='bbox 1460 2078 1769 2172; x_wconf 77' lang='grc' dir='ltr'><strong><em>φρουρὰν</em></strong></span> <span class='ocrx_word' id='word_1_146' title='bbox 1793 2078 2010 2151; x_wconf 89' lang='grc' dir='ltr'><strong><em>λιπων</em></strong></span> 
     </span>
     <span class='ocr_line' id='line_1_20' title="bbox 95 2179 2007 2277; baseline 0.001 -25"><span class='ocrx_word' id='word_1_147' title='bbox 95 2179 140 2273; x_wconf 83' lang='grc' dir='ltr'><strong><em>ῆ</em></strong></span> <span class='ocrx_word' id='word_1_148' title='bbox 170 2185 282 2253; x_wconf 82' lang='grc' dir='ltr'><strong><em>ἐπὶ</em></strong></span> <span class='ocrx_word' id='word_1_149' title='bbox 307 2188 388 2272; x_wconf 80' lang='grc' dir='ltr'><strong><em>τῇ</em></strong></span> <span class='ocrx_word' id='word_1_150' title='bbox 417 2180 733 2277; x_wconf 82' lang='grc' dir='ltr'><strong><em>αυλείῳ’“</em></strong></span> <span class='ocrx_word' id='word_1_151' title='bbox 690 2214 732 2273; x_wconf 94' lang='grc' dir='ltr'><strong><em>η</em></strong></span> <span class='ocrx_word' id='word_1_152' title='bbox 761 2187 872 2255; x_wconf 83' lang='grc' dir='ltr'><strong><em>ἐπὶ</em></strong></span> <span class='ocrx_word' id='word_1_153' title='bbox 897 2201 1040 2266; x_wconf 78' lang='grc' dir='ltr'><strong><em>ταῖς</em></strong></span> <span class='ocrx_word' id='word_1_154' title='bbox 1066 2193 1328 2265; x_wconf 81' lang='grc' dir='ltr'><strong><em>λοιπαῖς</em></strong></span> <span class='ocrx_word' id='word_1_155' title='bbox 1370 2183 1657 2264; x_wconf 82' lang='grc' dir='ltr'><strong><em>εἰσόδοις</em></strong></span> <span class='ocrx_word' id='word_1_156' title='bbox 1696 2190 2007 2273; x_wconf 79' lang='grc' dir='ltr'><strong><em>ἔφευγον.</em></strong></span> 
     </span>
     <span class='ocr_line' id='line_1_21' title="bbox 19 2284 2011 2380; baseline 0 -23"><span class='ocrx_word' id='word_1_157' title='bbox 19 2317 70 2357; x_wconf 79' lang='lat'><strong><em>2⁰</em></strong></span> <span class='ocrx_word' id='word_1_158' title='bbox 100 2284 318 2373; x_wconf 86' lang='grc' dir='ltr'><strong><em>ὀλίγοι</em></strong></span> <span class='ocrx_word' id='word_1_159' title='bbox 371 2289 452 2356; x_wconf 84' lang='grc' dir='ltr'><strong><em>δέ</em></strong></span> <span class='ocrx_word' id='word_1_160' title='bbox 483 2314 661 2368; x_wconf 87' lang='grc' dir='ltr'><strong><em>τινες</em></strong></span> <span class='ocrx_word' id='word_1_161' title='bbox 709 2292 847 2357; x_wconf 72' lang='grc' dir='ltr'><strong><em>τῶν</em></strong></span> <span class='ocrx_word' id='word_1_162' title='bbox 887 2284 1331 2374; x_wconf 80' lang='grc' dir='ltr'><strong><em>εὐνοούντων,</em></strong></span> <span class='ocrx_word' id='word_1_163' title='bbox 1377 2291 1874 2375; x_wconf 86' lang='grc' dir='ltr'><strong><em>διαγγείλαντες</em></strong></span> <span class='ocrx_word' id='word_1_164' title='bbox 1916 2290 2011 2380; x_wconf 73' lang='grc' dir='ltr'><strong><em>τῷ</em></strong></span> 
     </span>
     <span class='ocr_line' id='line_1_22' title="bbox 98 2388 2011 2481; baseline 0.001 -22"><span class='ocrx_word' id='word_1_165' title='bbox 98 2397 465 2479; x_wconf 83' lang='grc' dir='ltr'><strong><em>Περτίνακι</em></strong></span> <span class='ocrx_word' id='word_1_166' title='bbox 479 2388 603 2479; x_wconf 83' lang='grc' dir='ltr'><strong><em>τὴν</em></strong></span> <span class='ocrx_word' id='word_1_167' title='bbox 631 2397 900 2481; x_wconf 83' lang='grc' dir='ltr'><strong><em>ἔφοδον,</em></strong></span> <span class='ocrx_word' id='word_1_168' title='bbox 914 2388 1411 2480; x_wconf 88' lang='grc' dir='ltr'><strong><em>συνεβούλευον</em></strong></span> <span class='ocrx_word' id='word_1_169' title='bbox 1436 2406 1684 2479; x_wconf 75' lang='grc' dir='ltr'><strong><em>φυγεῖν</em></strong></span> <span class='ocrx_word' id='word_1_170' title='bbox 1702 2397 1783 2481; x_wconf 80' lang='grc' dir='ltr'><strong><em>τῇ</em></strong></span> <span class='ocrx_word' id='word_1_171' title='bbox 1793 2418 1864 2461; x_wconf 89' lang='grc' dir='ltr'><strong><em>τε</em></strong></span> <span class='ocrx_word' id='word_1_172' title='bbox 1889 2396 2011 2461; x_wconf 82' lang='grc' dir='ltr'><strong><em>τοῦ</em></strong></span> 
     </span>
     <span class='ocr_line' id='line_1_23' title="bbox 100 2489 2070 2585; baseline 0 -21"><span class='ocrx_word' id='word_1_173' title='bbox 100 2492 320 2583; x_wconf 84' lang='grc' dir='ltr'><strong><em>δήμου</em></strong></span> <span class='ocrx_word' id='word_1_174' title='bbox 344 2499 631 2585; x_wconf 80' lang='grc' dir='ltr'><strong><em>βοηθείᾳ</em></strong></span> <span class='ocrx_word' id='word_1_175' title='bbox 659 2492 900 2564; x_wconf 82' lang='grc' dir='ltr'><strong><em>ἑαυτὸν</em></strong></span> <span class='ocrx_word' id='word_1_176' title='bbox 926 2497 1297 2564; x_wconf 84' lang='grc' dir='ltr'><strong><em>ἐπιδοῦναι.</em></strong></span> <span class='ocrx_word' id='word_1_177' title='bbox 1367 2489 1405 2563; x_wconf 78' lang='grc' dir='ltr'>ὃ</span> <span class='ocrx_word' id='word_1_178' title='bbox 1434 2494 1509 2563; x_wconf 74' lang='grc' dir='ltr'><strong><em>δὲ</em></strong></span> <span class='ocrx_word' id='word_1_179' title='bbox 1535 2496 1649 2563; x_wconf 87' lang='grc' dir='ltr'><strong><em>καὶ</em></strong></span> <span class='ocrx_word' id='word_1_180' title='bbox 1673 2510 1810 2575; x_wconf 83' lang='grc' dir='ltr'><strong><em>τοῖς</em></strong></span> <span class='ocrx_word' id='word_1_181' title='bbox 1834 2515 2005 2583; x_wconf 88' lang='grc' dir='ltr'><strong><em>συμ-</em></strong></span> <span class='ocrx_word' id='word_1_182' title='bbox 2033 2504 2070 2556; x_wconf 89' lang='lat'>4</span> 
     </span>
     <span class='ocr_line' id='line_1_24' title="bbox 99 2593 2007 2689; baseline -0.001 -22"><span class='ocrx_word' id='word_1_183' title='bbox 99 2594 549 2685; x_wconf 88' lang='grc' dir='ltr'><strong><em>βουλεύουσιν</em></strong></span> <span class='ocrx_word' id='word_1_184' title='bbox 587 2594 771 2689; x_wconf 75' lang='grc' dir='ltr'><strong><em>αὐτῷ</em></strong></span> <span class='ocrx_word' id='word_1_185' title='bbox 809 2593 974 2687; x_wconf 87' lang='grc' dir='ltr'><strong><em>πρὸς</em></strong></span> <span class='ocrx_word' id='word_1_186' title='bbox 1013 2594 1088 2665; x_wconf 81' lang='grc' dir='ltr'><strong><em>τὸ</em></strong></span> <span class='ocrx_word' id='word_1_187' title='bbox 1131 2594 1349 2686; x_wconf 84' lang='grc' dir='ltr'><strong><em>παρὸν</em></strong></span> <span class='ocrx_word' id='word_1_188' title='bbox 1384 2593 1686 2687; x_wconf 75' lang='grc' dir='ltr'><strong><em>ὠφέλιμα</em></strong></span> <span class='ocrx_word' id='word_1_189' title='bbox 1722 2596 1811 2687; x_wconf 81' lang='grc' dir='ltr'><strong><em>μὴ</em></strong></span> <span class='ocrx_word' id='word_1_190' title='bbox 1862 2622 2007 2667; x_wconf 91' lang='grc' dir='ltr'><strong><em>πει-</em></strong></span> 
     </span>
     <span class='ocr_line' id='line_1_25' title="bbox 99 2694 2012 2790; baseline 0 -21"><span class='ocrx_word' id='word_1_191' title='bbox 99 2707 314 2785; x_wconf 88' lang='grc' dir='ltr'><strong><em>σθείς,</em></strong></span> <span class='ocrx_word' id='word_1_192' title='bbox 343 2694 608 2790; x_wconf 87' lang='grc' dir='ltr'><strong><em>ἀπρεπῆ</em></strong></span> <span class='ocrx_word' id='word_1_193' title='bbox 635 2699 711 2771; x_wconf 69' lang='grc' dir='ltr'><strong><em>δὲ</em></strong></span> <span class='ocrx_word' id='word_1_194' title='bbox 735 2702 849 2769; x_wconf 79' lang='grc' dir='ltr'><strong><em>καὶ</em></strong></span> <span class='ocrx_word' id='word_1_195' title='bbox 874 2697 1291 2790; x_wconf 87' lang='grc' dir='ltr'><strong><em>ἀνελεύθερα</em></strong></span> <span class='ocrx_word' id='word_1_196' title='bbox 1316 2707 1655 2787; x_wconf 85' lang='grc' dir='ltr'><strong><em>βασιλείας</em></strong></span> <span class='ocrx_word' id='word_1_197' title='bbox 1678 2728 1751 2769; x_wconf 90' lang='grc' dir='ltr'><strong><em>τε</em></strong></span> <span class='ocrx_word' id='word_1_198' title='bbox 1776 2697 2012 2783; x_wconf 79' lang='grc' dir='ltr'><strong><em>ἀνάξια</em></strong></span> 
     </span>
     <span class='ocr_line' id='line_1_26' title="bbox 27 2798 2013 2896; baseline 0.002 -29"><span class='ocrx_word' id='word_1_199' title='bbox 27 2828 74 2867; x_wconf 64' lang='grc' dir='ltr'><strong><em>τε</em></strong></span> <span class='ocrx_word' id='word_1_200' title='bbox 104 2806 381 2873; x_wconf 78' lang='grc' dir='ltr'><strong><em>καὶτῶν</em></strong></span> <span class='ocrx_word' id='word_1_201' title='bbox 417 2805 980 2895; x_wconf 78' lang='grc' dir='ltr'><strong><em>προβεβιωμένων</em></strong></span> <span class='ocrx_word' id='word_1_202' title='bbox 1017 2798 1201 2896; x_wconf 80' lang='grc' dir='ltr'><strong><em>αὖτῳ</em></strong></span> <span class='ocrx_word' id='word_1_203' title='bbox 1238 2803 1353 2871; x_wconf 80' lang='grc' dir='ltr'><strong><em>καὶ</em></strong></span> <span class='ocrx_word' id='word_1_204' title='bbox 1393 2804 2013 2893; x_wconf 85' lang='grc' dir='ltr'><strong><em>προπεπραγμένων</em></strong></span> 
     </span>
     <span class='ocr_line' id='line_1_27' title="bbox 103 2900 2010 2995; baseline -0.001 -18"><span class='ocrx_word' id='word_1_205' title='bbox 103 2913 412 2995; x_wconf 89' lang='grc' dir='ltr'><strong><em>νομίσας,</em></strong></span> <span class='ocrx_word' id='word_1_206' title='bbox 442 2906 722 2994; x_wconf 88' lang='grc' dir='ltr'><strong><em>φεύγειν</em></strong></span> <span class='ocrx_word' id='word_1_207' title='bbox 745 2900 940 2995; x_wconf 75' lang='grc' dir='ltr'><strong><em>μὲν’“</em></strong></span> <span class='ocrx_word' id='word_1_208' title='bbox 897 2936 939 2995; x_wconf 86' lang='grc' dir='ltr'><strong><em>η</em></strong></span> <span class='ocrx_word' id='word_1_209' title='bbox 967 2915 1210 2977; x_wconf 77' lang='grc' dir='ltr'><strong><em>λαθεῖν</em></strong></span> <span class='ocrx_word' id='word_1_210' title='bbox 1252 2932 1377 2976; x_wconf 84' lang='grc' dir='ltr'><strong><em>ουκ</em></strong></span> <span class='ocrx_word' id='word_1_211' title='bbox 1414 2903 1779 2995; x_wconf 78' lang='grc' dir='ltr'><strong><em>ἠθέλησεν,</em></strong></span> <span class='ocrx_word' id='word_1_212' title='bbox 1810 2900 2010 2993; x_wconf 85' lang='grc' dir='ltr'><strong><em>ὁμόσε</em></strong></span> 
     </span>
     <span class='ocr_line' id='line_1_28' title="bbox 106 3007 2011 3103; baseline 0 -24"><span class='ocrx_word' id='word_1_213' title='bbox 106 3010 180 3079; x_wconf 73' lang='grc' dir='ltr'><strong><em>δὲ</em></strong></span> <span class='ocrx_word' id='word_1_214' title='bbox 219 3007 522 3099; x_wconf 80' lang='grc' dir='ltr'><strong><em>χωρήσας</em></strong></span> <span class='ocrx_word' id='word_1_215' title='bbox 545 3039 638 3103; x_wconf 89' lang='grc' dir='ltr'><strong><em>τῳ</em></strong></span> <span class='ocrx_word' id='word_1_216' title='bbox 677 3009 1009 3100; x_wconf 77' lang='grc' dir='ltr'><strong><em>πράγματι</em></strong></span> <span class='ocrx_word' id='word_1_217' title='bbox 1035 3014 1381 3099; x_wconf 80' lang='grc' dir='ltr'><strong><em>προῆλθεν</em></strong></span> <span class='ocrx_word' id='word_1_218' title='bbox 1420 3037 1508 3089; x_wconf 87' lang='grc' dir='ltr'><strong><em>ως</em></strong></span> <span class='ocrx_word' id='word_1_219' title='bbox 1552 3008 2011 3097; x_wconf 78' lang='grc' dir='ltr'><strong><em>διαλεξόμενος</em></strong></span> 
     </span>
     <span class='ocr_line' id='line_1_29' title="bbox 107 3109 2011 3200; baseline -0.001 -17"><span class='ocrx_word' id='word_1_220' title='bbox 107 3109 332 3193; x_wconf 73' lang='grc' dir='ltr'><strong><em>αὐτοῖς</em></strong></span> <span class='ocrx_word' id='word_1_221' title='bbox 349 3165 367 3198; x_wconf 92' lang='grc'><strong><em>,</em></strong></span> <span class='ocrx_word' id='word_1_222' title='bbox 413 3115 684 3195; x_wconf 81' lang='grc' dir='ltr'><strong><em>ἐλπίσας</em></strong></span> <span class='ocrx_word' id='word_1_223' title='bbox 719 3120 980 3184; x_wconf 89' lang='grc' dir='ltr'><strong><em>πείσειν</em></strong></span> <span class='ocrx_word' id='word_1_224' title='bbox 1017 3140 1090 3182; x_wconf 91' lang='grc' dir='ltr'><strong><em>τε</em></strong></span> <span class='ocrx_word' id='word_1_225' title='bbox 1126 3109 1371 3193; x_wconf 76' lang='grc' dir='ltr'><strong><em>αὐτους</em></strong></span> <span class='ocrx_word' id='word_1_226' title='bbox 1423 3114 1535 3182; x_wconf 83' lang='grc' dir='ltr'><strong><em>καὶ</em></strong></span> <span class='ocrx_word' id='word_1_227' title='bbox 1576 3112 1860 3182; x_wconf 86' lang='grc' dir='ltr'><strong><em>παύσειν</em></strong></span> <span class='ocrx_word' id='word_1_228' title='bbox 1894 3117 2011 3200; x_wconf 88' lang='grc' dir='ltr'><strong><em>τῆς</em></strong></span> 
     </span>
     <span class='ocr_line' id='line_1_30' title="bbox 107 3212 2070 3309; baseline -0.001 -24"><span class='ocrx_word' id='word_1_229' title='bbox 107 3213 355 3302; x_wconf 87' lang='grc' dir='ltr'><strong><em>ἀλόγου</em></strong></span> <span class='ocrx_word' id='word_1_230' title='bbox 400 3218 466 3297; x_wconf 85' lang='grc' dir='ltr'><strong><em>ἐς</em></strong></span> <span class='ocrx_word' id='word_1_231' title='bbox 514 3216 589 3287; x_wconf 85' lang='grc' dir='ltr'><strong><em>τὸ</em></strong></span> <span class='ocrx_word' id='word_1_232' title='bbox 641 3215 859 3309; x_wconf 84' lang='grc' dir='ltr'><strong><em>παρὸν</em></strong></span> <span class='ocrx_word' id='word_1_233' title='bbox 897 3212 1122 3307; x_wconf 82' lang='grc' dir='ltr'><strong><em>ὁρμῆς.</em></strong></span> <span class='ocrx_word' id='word_1_234' title='bbox 1227 3217 1341 3286; x_wconf 79' lang='grc' dir='ltr'><strong><em>καὶ</em></strong></span> <span class='ocrx_word' id='word_1_235' title='bbox 1382 3212 1467 3305; x_wconf 81' lang='grc' dir='ltr'><strong><em>δὴ</em></strong></span> <span class='ocrx_word' id='word_1_236' title='bbox 1506 3220 1629 3286; x_wconf 80' lang='grc' dir='ltr'><strong><em>τοῦ</em></strong></span> <span class='ocrx_word' id='word_1_237' title='bbox 1670 3221 2008 3305; x_wconf 87' lang='grc' dir='ltr'><strong><em>δωματίου</em></strong></span> <span class='ocrx_word' id='word_1_238' title='bbox 2035 3239 2070 3293; x_wconf 84' lang='lat'>5</span> 
     </span>
     <span class='ocr_line' id='line_1_31' title="bbox 37 3316 2009 3411; baseline 0.003 -28"><span class='ocrx_word' id='word_1_239' title='bbox 37 3316 86 3383; x_wconf 69' lang='grc' dir='ltr'><strong><em>ω’</em></strong></span> <span class='ocrx_word' id='word_1_240' title='bbox 113 3318 490 3411; x_wconf 74' lang='grc' dir='ltr'><strong><em>προελθών,</em></strong></span> <span class='ocrx_word' id='word_1_241' title='bbox 505 3316 980 3410; x_wconf 72' lang='grc' dir='ltr'><strong><em>ὑπαντώμενος</em></strong></span> <span class='ocrx_word' id='word_1_242' title='bbox 989 3317 1214 3402; x_wconf 77' lang='grc' dir='ltr'><strong><em>αὐτοῖς</em></strong></span> <span class='ocrx_word' id='word_1_243' title='bbox 1229 3318 1713 3391; x_wconf 80' lang='grc' dir='ltr'><strong><em>πυνθάνεσθαί</em></strong></span> <span class='ocrx_word' id='word_1_244' title='bbox 1730 3346 1804 3389; x_wconf 88' lang='grc' dir='ltr'><strong><em>τε</em></strong></span> <span class='ocrx_word' id='word_1_245' title='bbox 1830 3321 2009 3389; x_wconf 87' lang='grc' dir='ltr'><strong><em>ἐπει-</em></strong></span> 
     </span>
     <span class='ocr_line' id='line_1_32' title="bbox 113 3419 2013 3515; baseline 0.001 -24"><span class='ocrx_word' id='word_1_246' title='bbox 113 3426 270 3513; x_wconf 76' lang='grc' dir='ltr'><strong><em>ρᾶτο</em></strong></span> <span class='ocrx_word' id='word_1_247' title='bbox 305 3421 424 3504; x_wconf 77' lang='grc' dir='ltr'><strong><em>τὰς</em></strong></span> <span class='ocrx_word' id='word_1_248' title='bbox 463 3430 678 3505; x_wconf 80' lang='grc' dir='ltr'><strong><em>αἰτίας</em></strong></span> <span class='ocrx_word' id='word_1_249' title='bbox 713 3430 830 3514; x_wconf 89' lang='grc' dir='ltr'><strong><em>τῆς</em></strong></span> <span class='ocrx_word' id='word_1_250' title='bbox 865 3419 1102 3513; x_wconf 85' lang='grc' dir='ltr'><strong><em>ὁρμῆς,</em></strong></span> <span class='ocrx_word' id='word_1_251' title='bbox 1142 3432 1414 3494; x_wconf 88' lang='grc' dir='ltr'><strong><em>πείθειν</em></strong></span> <span class='ocrx_word' id='word_1_252' title='bbox 1449 3450 1523 3497; x_wconf 84' lang='grc' dir='ltr'><strong><em>τε</em></strong></span> <span class='ocrx_word' id='word_1_253' title='bbox 1560 3425 1887 3515; x_wconf 80' lang='grc' dir='ltr'><strong><em>ἐπεχείρει</em></strong></span> <span class='ocrx_word' id='word_1_254' title='bbox 1922 3420 2013 3513; x_wconf 83' lang='grc' dir='ltr'><strong><em>μῆ</em></strong></span> 
     </span>
     <span class='ocr_line' id='line_1_33' title="bbox 112 3525 2016 3621; baseline 0.002 -25"><span class='ocrx_word' id='word_1_255' title='bbox 112 3530 509 3614; x_wconf 83' lang='grc' dir='ltr'><strong><em>ἐνθουσιᾶν,</em></strong></span> <span class='ocrx_word' id='word_1_256' title='bbox 547 3533 773 3617; x_wconf 85' lang='grc' dir='ltr'><strong><em>μένων</em></strong></span> <span class='ocrx_word' id='word_1_257' title='bbox 809 3530 920 3597; x_wconf 81' lang='grc' dir='ltr'><strong><em>καὶ</em></strong></span> <span class='ocrx_word' id='word_1_258' title='bbox 964 3527 1116 3599; x_wconf 88' lang='grc' dir='ltr'><strong><em>τότε</em></strong></span> <span class='ocrx_word' id='word_1_259' title='bbox 1163 3531 1240 3597; x_wconf 88' lang='grc' dir='ltr'><strong><em>ἐν</em></strong></span> <span class='ocrx_word' id='word_1_260' title='bbox 1276 3525 1578 3619; x_wconf 70' lang='grc' dir='ltr'><strong><em>σώφρονι</em></strong></span> <span class='ocrx_word' id='word_1_261' title='bbox 1630 3529 1745 3599; x_wconf 78' lang='grc' dir='ltr'><strong><em>καὶ</em></strong></span> <span class='ocrx_word' id='word_1_262' title='bbox 1792 3531 2016 3621; x_wconf 73' lang='grc' dir='ltr'><strong><em>σεμνῷ</em></strong></span> 
     </span>
    </p>
   </div>
  </div>
 </body>
</html>
