2475 3859
890 163 1320 226 EBAOMON
1934 162 2053 227 185

146 333 706 426 ἐπιβουλεύοντας
731 335 1037 425 ἐχθρούς.
1089 335 1234 406 τότε
1266 333 1349 423 δὴ
1378 341 1448 406 οἱ
1464 342 1857 426 στρατιῶται
1880 346 2051 428 πλη-

147 443 380 528 γέντες
417 446 536 508 καί
584 466 725 519 πως
771 436 1283 527 ἀπροσδοκήτως
1312 444 1677 527 προβαλεῖν
1716 438 2052 530 ούδυνη-

143 545 388 622 θέντες
411 539 542 630 πρὸ
569 549 692 611 τοῦ
720 548 952 630 βωμοῦ
987 549 1263 612 ἔκειντο.
1365 548 1437 611 οί
1470 543 1545 612 δὲ
1584 546 1805 614 λοιποὶ
1845 566 2047 633 στρα-
2075 571 2111 624 5

145 653 382 715 τιῶται
407 652 604 714 τοῦτο
631 644 1038 734 θεασάμενοι
1054 697 1073 733 ,
1101 648 1537 732 ἐκπλαγέντες
1560 653 1653 739 τῷ
1682 647 1889 718 πάθει
1912 654 2049 718 τῶν

89 781 116 821 ε
148 754 684 838 συστρατιωτῶν,
699 750 1117 836 φοβηθέντες
1133 755 1253 818 τοῦ
1282 748 1499 837 δήμου
1516 748 1591 818 τὸ
1612 757 1867 839 πλῆθος
1886 745 2053 820 ἄνευ

144 879 220 921 τε
247 847 478 920 ὅπλων
508 848 696 932 ὅντες
723 857 1000 939 ἔφυγον.
1067 847 1102 920 ὁ
1139 852 1215 921 δὲ
1254 852 1663 934 Γαλλικανὸς
1704 852 2054 944 ἐκδραμών

147 962 269 1043 τῆς
309 953 690 1042 συγκλήτου
723 957 790 1034 ἐς
827 952 949 1023 τὸν
985 959 1200 1043 δῆμον
1249 957 1453 1042 μέσον
1470 1007 1490 1042 ,
1538 958 1809 1038 δεικνύς
1850 985 1925 1026 τε
1976 955 2051 1026 τὸ

146 1061 342 1146 ξίφος
375 1059 487 1126 καὶ
521 1055 647 1144 τῆν
671 1072 858 1147 χεῖρα
895 1053 1315 1148 ᾑμαγμένην,
1344 1059 1755 1130 διεκελεύετο
1782 1060 2053 1130 διώκειν

147 1161 266 1230 καὶ
304 1159 626 1249 φονεύειν
669 1156 828 1240 τοὺς
863 1159 1152 1250 ἐχθροὺς
1179 1160 1303 1248 μὲν
1339 1163 1719 1251 συγκλήτου
1746 1165 1859 1233 καὶ
1895 1159 2053 1232 Ῥω·-

65 1297 118 1338 10
151 1270 370 1352 μαίων
422 1270 662 1352 φίλους
699 1263 776 1332 δὲ
819 1266 932 1332 καὶ
976 1263 1361 1353 συμμάχους
1403 1270 1807 1354 Μαξιμίνου.
1894 1262 1929 1336 ὃ
1974 1266 2049 1336 δὲ
2076 1289 2113 1344 6

153 1371 364 1455 δῆμος
389 1369 598 1458 ῥᾷστα
625 1368 927 1448 πεισθεὶς
965 1365 1086 1436 τὸν
1126 1366 1250 1454 μὲν
1285 1368 1705 1439 Γαλλικανόν
1744 1366 2053 1459 εὐφήμει,

149 1468 311 1549 τούς
337 1469 414 1539 δὲ
448 1469 850 1557 στρατιώτας
891 1465 980 1550 ὥς
1018 1470 1345 1539 ἐδύναντο
1382 1471 1737 1554 διώκοντες
1772 1477 2057 1561 ἔβαλλον

152 1579 396 1652 λίθοις.
451 1579 520 1642 οἳ
547 1573 624 1642 δὲ
651 1571 1061 1660 φθάσαντες,
1101 1569 1351 1660 ὀλίγων
1376 1580 1579 1644 τινῶν
1612 1577 1727 1644 καὶ
1753 1579 2057 1664 τρωθέν-

152 1703 312 1761 των,
343 1678 410 1756 ἐς
437 1672 510 1745 τὸ
539 1675 988 1762 στρατόπεδον
1023 1675 1523 1764 καταφυγόντες
1554 1679 1669 1747 καὶ
1695 1675 1808 1757 τὰς
1842 1677 2056 1758 πύλας

71 1808 118 1849 15
151 1785 566 1866 κλείσαντες,
594 1775 766 1848 ὅπλα
793 1779 869 1848 δὲ
895 1774 1374 1866 ἀναλαβόντες,
1404 1780 1787 1869 ἐφρούρουν
1816 1778 1891 1849 τὸ
1918 1796 2056 1850 τετ-

148 1909 264 1970 χος
296 1888 418 1951 τοῦ
445 1884 914 1971 στρατοπέδου.
969 1878 1004 1951 ὁ
1045 1883 1120 1951 δὲ
1159 1881 1567 1963 Γαλλικανὸς
1606 1879 1774 1966 ἅπαξ
1810 1882 2056 1971 τολμῆ-

150 2006 276 2066 σας
301 1991 500 2075 ἔργον
527 1991 939 2073 τηλικοῦτον,
961 1984 1293 2073 ἐμφύλιον
1318 1985 1609 2075 πόλεμον
1633 1989 1745 2055 καὶ
1762 1982 2055 2074 ὄλεθρον

151 2089 365 2177 μέγαν
388 2083 616 2177 ἤγειρε
641 2095 722 2178 τῇ
751 2088 956 2158 πόλει.
1043 2088 1157 2169 τάς
1189 2116 1261 2158 τε
1286 2087 1414 2177 γὰρ
1442 2094 1761 2178 δημοσίας
1790 2087 2056 2178 ἀποθή-
2080 2107 2117 2164 ’1

151 2218 278 2270 κας
315 2197 450 2260 τῶν
487 2186 749 2277 ὅπλων,
793 2201 860 2260 εἴ
891 2217 1066 2271 τινες
1093 2183 1267 2278 ἦσαν
1292 2189 1457 2280 πρὸς
1492 2191 1763 2281 πομπὴν
1800 2199 2054 2281 μᾶλλον

73 2329 128 2370 m
158 2289 204 2382 ἦ
235 2292 453 2382 μάχην
490 2294 887 2382 ἐπιτήδειοι,
931 2290 1297 2382 ἀναρρῆξαι
1334 2294 1493 2376 τοὺς
1530 2291 1767 2383 ὄχλους
1812 2303 2055 2383 ἔπεισε,

151 2396 229 2466 τό
255 2423 328 2466 τε
351 2404 542 2486 σῶμα
565 2401 844 2466 ἕκαστον
873 2396 1283 2485 φράττεσθαι
1312 2393 1401 2478 ὥς
1429 2394 1566 2477 οἷός
1595 2425 1667 2468 τε
1702 2390 1821 2486 ῆν·
1866 2399 1949 2468 τά
1986 2427 2059 2469 τε

151 2505 294 2568 τῶν
316 2499 716 2588 μονομάχων
736 2499 1142 2587 ’καταγώγιά
1165 2498 1431 2583 ἀνοίξας
1475 2501 1749 2590 ἐξήγαγε
1782 2518 1919 2584 τοῖς
1958 2507 2053 2572 οἰ·

151 2609 362 2684 κείοις
389 2598 615 2684 ὅπλοις
641 2606 920 2672 ἕκαστον
947 2606 1411 2693 ἐξηρτυμένον.
1480 2601 1604 2674 ὅσα
1643 2631 1715 2673 τε
1738 2597 1826 2692 ἦν
1854 2609 1929 2674 ἐν
1954 2611 2057 2675 οἰ-

151 2700 389 2792 κίαιςῆ
415 2707 868 2794 ἐργαστηρίοις
890 2706 1138 2793 δόρατα
1162 2702 1385 2795 ἢξίφη
1412 2710 1708 2788 πελέκεις
1723 2735 1816 2802 τε,
1844 2707 2059 2776 πάντα

69 2837 121 2880 2⁵
157 2807 568 2897 διηρπάζετο.
675 2805 714 2879 ὅ
744 2837 816 2878 τε
841 2814 1046 2898 δῆμος
1073 2813 1453 2880 ἐνθουσιῶν
1478 2818 1615 2880 πάν
1640 2808 1713 2879 τὸ
1732 2813 2055 2898 ἐμπῖπτον
2080 2829 2119 2882 8

155 2907 326 2998 ’ὕλης
377 2908 732 3001 ἀξιομάχου
773 2915 1118 3000 ἐργαλεῖον
1158 2909 1375 2983 ὅπλον
1418 2916 1723 3006 ἐποιεῖτο.
1815 2908 2058 3000 ἀθροι-
2130 2994 2135 2999 ⁴

152 3015 435 3095 σθέντες
461 3007 588 3084 οὖν
615 3019 914 3102 ἐπῆλθον
941 3023 1032 3107 τῷ
1059 3018 1503 3107 στρατοπέδῳ,
1524 3017 1637 3084 καὶ
1668 3011 1756 3095 ὥς
1783 3024 2061 3103 πολιορ-

151 3115 472 3205 κήσοντες
497 3114 662 3188 αὐτὸ
691 3123 906 3205 δῆθεν
939 3118 1397 3207 προοέβαλλόν
1420 3144 1493 3186 τε
1513 3133 1657 3198 ταῖς
1682 3117 1923 3199 πύλαις
1947 3120 2061 3186 καὶ

153 3233 294 3300 τοῖς
321 3227 627 3307 τείχεσιν.
710 3226 780 3289 οἱ
807 3221 884 3290 δὲ
920 3228 1313 3309 στρατιῶται
1352 3217 1515 3308 μετὰ
1549 3225 1795 3309 πολλῆς
1832 3223 2063 3309 ἐμπει-

71 3357 122 3398 ω
155 3328 308 3411 ρίας
333 3319 734 3412 ὡπλισμένοι
765 3377 780 3390 .
813 3376 828 3391 .
857 3349 928 3392 τε
967 3321 1082 3403 τάς
1119 3322 1413 3406 ἐπάλξεις
1450 3326 1563 3392 καὶ
1602 3322 1719 3405 τὰς
1756 3320 2058 3410 ἀσπίδας,

153 3425 370 3508 τόξοις
393 3453 466 3495 τε
491 3422 738 3506 αὐτοὺς
763 3426 1118 3514 βάλλοντες
1141 3429 1253 3496 καὶ
1272 3422 1507 3510 δόρασι
1535 3441 1811 3516 μακροῖς
1826 3422 2063 3517 ἀπείρψ

153 3553 388 3618 γοντες
413 3536 534 3598 τοῦ
559 3535 814 3617 τείχους
839 3525 1238 3600 ἀπεδίωκον.
1308 3525 1399 3611 ὥς
1426 3529 1501 3600 δὲ
1530 3527 1761 3620 καμὼν
1786 3524 1823 3600 ὁ
1855 3535 2059 3620 δῆμος
2090 3551 2125 3606 9
