2475 3859
385 139 462 201 12
1156 142 1513 205 ΠΡΩΤΟΝ

381 321 604 387 ταῦθα
642 315 890 387 πάντα·
942 312 987 405 ῆ
1021 343 1094 386 τε
1131 322 1255 387 τοῦ
1292 314 1541 407 πατρὸς
1592 315 1814 406 μνήμη
1866 316 2148 387 αἰώνιόν
2189 337 2309 386 σοι

380 427 606 491 πίστιν
631 422 744 489 καὶ
773 416 1048 490 εὔνοιαν
1065 418 1244 511 παρὰ
1257 426 1395 489 τῶν
1412 418 1800 512 ἀρχομένων
1825 416 2305 510 ἐβεβαίωσεν.”

306 532 346 587 -7
578 522 856 594 τοιαῦτά
904 550 1056 593 τινα
1109 527 1177 604 ἐς
1226 521 1614 614 προτροπὴν
1664 525 1779 593 καὶ
1816 521 1943 612 τῆν
1993 522 2161 613 πρὸς
2214 523 2309 593 τὰ

377 634 724 717 κρείττονα
748 623 962 718 ὁρμὴν
995 622 1032 695 ὅ
1058 626 1493 716 Πομπηιανὸς
1532 625 1743 697 εἰπών
1778 631 2085 717 διέτρεψε
2125 625 2309 717 πρὸς

377 728 607 818 ὀλίγον
631 728 708 799 τὸ
746 728 1124 821 μειράκιον·
1183 734 1523 812 αἰδεσθεὶς
1562 728 1689 821 γὰρ
1728 726 1765 801 ὅ
1810 731 2165 819 Κόμμοδος
2206 728 2298 800 τὰ
2326 754 2351 793 5

377 836 732 922 λεχθέντα,
760 831 963 905 οὐδέν
989 862 1062 904 τε
1087 829 1297 916 οἶόςτε
1326 830 1422 906 ὢν
1450 832 1741 923 εὐλόγως
1766 832 2301 925 ἀποκρίνασθαι,

377 935 532 1017 τούς
576 944 816 1026 φίλους
849 935 1315 1028 ἀπεπέμψατο,
1356 938 1572 1030 φήσας
1604 936 2077 1029 ἀκριβέστερον
2117 935 2293 1007 καθ’

314 1047 353 1103 8
379 1036 586 1111 αὑτὸν
611 1043 1090 1125 ἐπισκέψεσθαι
1115 1041 1190 1113 τὸ
1215 1046 1566 1134 πρακτέον.
1613 1045 2017 1131 ἐγκειμένων
2050 1040 2127 1111 δὲ
2154 1046 2303 1109 τῶν

377 1146 531 1234 περὶ
557 1141 766 1214 αὐτὸν
791 1146 1235 1237 θεραπόντων
1259 1144 1483 1216 οὐκέτι
1508 1148 1633 1235 μὲν
1670 1162 1807 1226 τοῖς
1835 1153 2056 1234 φίλοις
2082 1141 2296 1213 οὐδὲν

377 1248 805 1336 ἐκοινώσατο,
859 1252 1196 1340 ἐκπέμψας
1237 1251 1314 1320 δὲ
1360 1249 1742 1341 γράμματα,
1785 1252 1899 1319 καὶ
1942 1254 2295 1336 διανείμας
2335 1272 2367 1312 ιι

376 1348 478 1433 οἷς
515 1355 867 1441 ἐδοκίμασε
907 1359 1024 1442 τῆς
1065 1349 1274 1443 ὄχθης
1310 1358 1433 1422 τοῦ
1470 1351 1731 1444 Ἴστρου
1770 1351 1897 1442 τὴν
1938 1351 2291 1443 πρόνοιαν,

377 1457 744 1545 προστάξας
767 1482 840 1526 τε
867 1453 1094 1537 αὐτοῖς
1117 1454 1383 1544 ἀνέχειν
1408 1455 1523 1537 τὰς
1558 1463 1695 1527 τοῖν
1735 1455 2099 1546 βαρβάρων
2138 1457 2287 1523 ἐπι-

376 1561 624 1647 δρομάς
641 1612 660 1647 ,
689 1562 1079 1647 ἐπαγγέλλει
1118 1558 1245 1651 τὴν
1270 1564 1519 1643 ἔξοδον.
1584 1568 1654 1631 οἳ
1687 1558 1812 1648 μὲν
1836 1552 1962 1630 οὖν
1990 1556 2293 1652 διῴκουν

371 1659 454 1731 τὰ
482 1665 1046 1754 ἐγκεχειρισμένα·
1088 1670 1157 1733 οἳ
1178 1666 1292 1733 καὶ
1317 1660 1401 1735 οὐ
1426 1669 1650 1758 πολλῷ
1677 1661 1893 1758 χρόνῳ
1934 1670 2291 1741 πλείστους

372 1770 512 1836 τῶν
534 1765 898 1859 βαρβάρων
923 1764 1150 1848 ὅπλοις
1175 1766 1634 1858 ἐχειρώσαντο,
1652 1765 1809 1847 τούς
1836 1766 1911 1835 δὲ
1939 1768 2047 1835 ἐπὶ
2076 1757 2282 1854 μεγά-
2326 1777 2361 1816 ¹³

375 1879 520 1952 λαις
545 1870 940 1954 συντάξεσιν
966 1874 1032 1953 ἐς
1058 1872 1297 1960 φιλίαν
1322 1871 1753 1961 ἐπηγάγοντο,
1773 1874 1981 1962 ῥᾷστα
2009 1877 2287 1939 πείσαν-

311 1992 348 2047 9
374 2000 500 2053 τες.
606 1973 808 2064 φύσει
837 1972 964 2066 γὰρ
983 1973 1058 2045 τὸ
1087 1975 1432 2065 βάρβαρον
1460 1973 1975 2064 φιλοχρήματον,
1996 1975 2109 2041 καὶ
2134 1999 2290 2040 κιν-

377 2069 610 2147 δύνων
633 2074 1326 2169 καταφρονήσαντεςῆ
1356 2075 1448 2147 δι’
1481 2081 1841 2167 ἐπιδρομῆς
1879 2079 1991 2146 καὶ
2030 2076 2289 2164 ἐφόδου

372 2178 449 2249 τὸ
474 2187 790 2268 χρειῶδες
817 2177 980 2269 πρὸς
1003 2177 1124 2251 τὸν
1148 2187 1304 2269 βίον
1329 2188 1740 2270 πορίζονται,
1768 2175 1809 2270 ἢ
1837 2180 2146 2269 μεγάλων
2169 2206 2285 2266 μι-

375 2288 570 2352 σθῶν
593 2281 716 2372 τῆν
746 2282 1021 2372 εἰρήνην
1045 2280 1781 2354 ἀντικαταλλάσσονται.
1834 2280 2007 2374 ἅπερ
2033 2279 2070 2352 ὁ
2094 2281 2282 2370 Κόμ-
2320 2302 2361 2343 ‘2⁰

375 2392 577 2474 μοδος
606 2386 835 2471 εἰδώς,
864 2388 977 2455 καὶ
1013 2383 1088 2457 τὸ
1127 2384 1493 2477 ἀμέριμνον
1532 2383 1945 2476 ὠνούμενος,
1988 2384 2289 2475 ἀφειδῶς

375 2516 447 2557 τε
476 2497 648 2576 ἔχων
672 2489 1058 2579 χρημάτων,
1089 2490 1307 2560 πάντα
1333 2494 1564 2561 ἐδίδου
1588 2489 1669 2561 τὰ
1695 2490 2077 2579 αἰτούμενα.

242 2668 250 2677 ,
317 2603 355 2660 7
579 2598 694 2681 τῆς
723 2594 798 2663 δὲ
825 2592 1060 2676 ἐξόδου
1085 2600 1598 2684 διαγγελθείσης
1612 2601 1873 2683 κίνησις
1898 2591 1981 2683 δὴ
2010 2599 2285 2684 μεγίστη

372 2697 864 2785 καταλαμβάνει
890 2694 966 2767 τὸ
995 2698 1469 2787 στρατόπεδον,
1499 2701 1611 2768 καὶ
1640 2698 1881 2778 πάντες
1906 2694 2088 2790 αὐτῷ
2114 2716 2277 2765 συν·

373 2808 705 2870 απελθεῖν
739 2796 1026 2889 ῆθελον,
1069 2797 1156 2881 ὥς
1181 2799 1627 2891 ἀπαλλαγεῖεν
1652 2801 1775 2890 μὲν
1800 2807 1917 2891 τῆς
1944 2804 2019 2870 ἐν
2042 2804 2122 2889 τῇ
2150 2824 2271 2868 πο·
2315 2822 2364 2863 25

372 2910 568 2994 λεμίᾳ
611 2909 953 2992 διατριβῆς
971 2955 988 2989 ,
1029 2901 1485 2977 ἀπολαύσειαν
1528 2905 1604 2975 δὲ
1638 2910 1754 2993 τῆς
1782 2908 1856 2973 ἐν
1880 2899 2088 2993 Ῥώμῃ
2114 2929 2269 2989 τρυ-

372 3010 521 3094 φῆς.
579 3005 810 3096 ἐπειδὴ
852 3006 928 3075 δὲ
957 3005 1446 3098 διεφοίτησενῆ
1476 3008 1662 3099 φήμη
1700 3006 1978 3095 ἄγγελοί
2004 3034 2077 3075 τε
2112 2996 2275 3095 ἧκον

369 3107 808 3198 κηρύττοντες
831 3105 956 3199 τὴν
980 3116 1101 3180 τοῦ
1137 3116 1462 3201 βασιλέως
1504 3110 1768 3200 ἄφιξιν,
1809 3105 2161 3200 ὑπερήσθη
2200 3134 2273 3176 τε

371 3207 408 3280 ὅ
449 3207 788 3301 Ῥωμαίων
825 3218 1030 3301 δῆμος
1070 3217 1184 3284 καὶ
1235 3211 1520 3308 χρηστὰς
1562 3214 1739 3301 εἶχεν
1796 3216 2067 3293 ἐλπίδας
2116 3212 2275 3281 νέου

371 3310 856 3405 αὐτοκράτορος
878 3318 1216 3409 ἐπιδημίᾳ,
1233 3316 1601 3412 πατρῴζειν
1613 3313 1691 3386 τὸ
1707 3317 2055 3408 μειράκιον
2072 3310 2270 3403 ήγού-
2314 3344 2365 3383 ³⁰

314 3442 349 3493 2
373 3442 582 3504 μενοι.
685 3414 938 3499 ἀνύσας
976 3421 1053 3491 δὲ
1087 3417 1212 3512 τὴν
1246 3417 1640 3509 ὁδοιπορίαν
1676 3416 1711 3490 ὁ
1738 3421 2088 3510 Κόμμοδος
2112 3413 2272 3506 μετὰ

370 3523 684 3606 νεανικῆς
709 3526 1026 3610 σπουδῆς,
1044 3526 1157 3594 καὶ
1177 3520 1571 3615 διαδραμών
1593 3520 1709 3605 τὰς
1735 3527 1809 3595 ἐν
1835 3526 2011 3618 μέσῳ
2035 3520 2270 3605 πόλεις,
