2475 3859
398 100 480 161 40
1136 102 1589 163 AEYTEPON
2112 98 2115 106 ’
2396 0 2407 273 ¹

403 278 999 364 δαφνηφοροῦντες
1035 278 1164 354 πᾶς
1199 268 1236 341 ὁ
1279 278 1485 361 δῆμος
1532 274 1645 341 καὶ
1694 270 1769 343 τὸ
1810 270 2306 360 στρατιωτικόν,

402 374 634 467 ἐπειδὴ
672 376 949 468 προσῄει
989 376 1102 445 καὶ
1142 374 1218 445 τὸ
1246 384 1690 467 περίορθρον,
1725 379 1791 457 ἐς
1817 374 1942 464 τὴν
1967 380 2309 464 βασίλειον

401 477 618 569 αὐλὴν
641 477 984 569 ἀνήγαγον
1008 476 1127 549 τὸν
1152 486 1557 569 Περτίνακα.
2408 568 2410 571 ⁴

335 592 372 655 3
603 579 642 651 ὃ
670 583 745 652 δὲ
774 586 1043 673 ἐπείπερ
1072 582 1324 671 ἱδρύθη
1348 586 1421 652 ἐν
1444 588 1528 673 τῇ
1552 588 1869 673 βασιλείῳ
1912 582 2127 673 ἑστίᾳ,
2166 584 2309 648 τῶν

394 711 466 755 τε
492 692 918 775 στρατιωτῶν
944 689 1056 755 καὶ
1082 691 1206 756 τοῦ
1231 686 1469 775 δήμου,
1486 681 1574 766 ῶς
1602 692 2009 775 προείρηται,
2034 682 2305 772 νύκτωρ
2334 706 2357 745 ⁶

391 786 904 877 ἀναγαγόντων,
944 797 1254 880 φροντίσι
1288 795 1628 877 μεγίσταις
1678 784 1803 877 τὴν
1841 787 2116 877 γνώμην
2152 788 2305 855 ἐτα-

395 891 665 980 ράττετο
688 914 704 929 ·
733 891 915 963 πάνυ
939 919 1012 963 τε
1037 890 1268 979 αὐτόν,
1288 900 1504 962 καίτοι
1533 896 1865 962 δοκοῦντα
1888 896 2104 979 ψυχῆς
2130 888 2307 959 εἶναι

392 997 768 1086 ἐρρωμένης
792 999 908 1066 καὶ
935 993 1100 1087 πρὸς
1123 995 1341 1066 πάντα
1367 992 1703 1087 ἀνδρεῖον,
1721 991 1802 1063 τά
1823 992 2121 1084 παρόντα
2142 992 2304 1080 ἐφό-
2410 1016 2417 1119 Ι

392 1104 532 1185 βει,
561 1095 683 1186 οὐχ
723 1096 899 1169 οὕτω
927 1106 1211 1191 προνοίᾳ
1236 1104 1355 1187 τῆς
1382 1101 1625 1169 ἑαυτοῦ
1667 1105 1994 1188 σωτηρίας
2034 1095 2303 1180 (κινδύ-
2414 1138 2416 1171 e

390 1228 534 1270 νων
577 1200 704 1291 γάρ
749 1204 864 1272 καὶ
905 1202 1230 1292 μειζόνων
1270 1198 1589 1283 πολλάκις
1613 1192 1701 1290 ἦν
1741 1200 2302 1291 καταφρονήσας),
2336 1220 2375 1261 10

391 1307 715 1391 ἐλογίζετο
745 1306 817 1376 δὲ
843 1307 969 1395 τήν
1005 1334 1078 1376 τε
1117 1311 1468 1393 αἰφνίδιον
1506 1311 1622 1395 τῆς
1658 1310 2061 1395 τυραννίδος
2101 1330 2301 1391 μετα-

388 1404 598 1496 βολὴν
623 1407 748 1499 τήν
771 1436 844 1479 τε
872 1412 948 1479 ἐν
972 1416 1054 1499 τῇ
1081 1408 1431 1502 συγκλήτῳ
1456 1413 1672 1497 βουλῇ
1698 1412 1907 1477 τινῶν
1930 1404 2305 1495 εὐγένειαν,

391 1506 508 1590 οὓς
533 1506 934 1582 ὑπώπτευεν
965 1510 1090 1581 οὐκ
1117 1508 1554 1601 ἀνεξομένους
1599 1508 1763 1601 μετὰ
1788 1513 2065 1598 βασιλέα
2108 1506 2299 1597 εὐγε-

387 1615 706 1684 νέστατον
729 1614 853 1706 τὴν
879 1613 1089 1706 ἀρχὴν
1115 1622 1619 1705 μεταπεσοῦσαν
1648 1618 1714 1695 ἐς
1751 1611 1967 1703 ἄνδρα
2006 1616 2071 1696 ἐξ
2108 1618 2297 1683 ίδιω-
2420 1624 2422 1683 ζ

325 1730 361 1785 2
388 1723 580 1787 τικοῦ
605 1721 718 1788 καὶ
744 1716 1003 1810 ἀσήμου
1030 1722 1268 1808 γένους
1307 1721 1415 1790 ἐπὶ
1450 1724 1646 1788 τοῦτο
1686 1716 1992 1787 ἐλθόντα.
2074 1722 2138 1785 εί
2170 1712 2301 1804 γάρ
2334 1736 2373 1778 15
2422 1742 2424 1751 ·

385 1817 561 1891 καὶὸ
587 1830 733 1911 βίος
759 1820 941 1917 αὐτῷ
968 1821 1080 1894 διά
1110 1821 1563 1912 σωφροσύνην
1603 1824 1909 1910 ἐπῃνεῖτο
1948 1820 2063 1889 καὶ
2101 1816 2183 1887 τὰ
2222 1822 2301 1887 ἐν
2424 1891 2426 1937 ¹

383 1940 528 2005 ταῖς
553 1942 1054 2016 στρατιωτικαῖς
1081 1926 1400 2014 πράξεσιν
1424 1915 1512 2013 ἦν
1532 1921 1794 2013 εὐκλεῆ,
1808 1920 1958 1993 ἀλλ’
1991 1919 2151 1992 ὅσον
2180 1918 2294 1991 εῦ-
2424 1946 2426 1975 ³

383 2036 648 2114 γενείας
697 2030 929 2120 χάριν,
985 2026 1158 2098 πολὺ
1209 2034 1348 2097 τῶν
1402 2025 1829 2117 εὐπατριδῶν
1880 2023 2295 2096 ἀπελείπετο.

380 2125 629 2218 ἡμέρας
655 2122 782 2201 οὖν
808 2129 1309 2218 καταλαβούσης
1334 2135 1673 2218 κατῆλθεν
1700 2132 1808 2199 ἐπὶ
1833 2128 1909 2199 τὸ
1934 2132 2298 2219 συνέδριον

379 2236 496 2319 τῆς
520 2238 797 2321 βουλῆς,
825 2230 982 2303 οὔτε
1006 2232 1082 2303 τὸ
1110 2238 1246 2323 πῦρ
1275 2232 1471 2313 ἐάσας
1509 2236 1751 2303 ἑαυτοῦ
1778 2238 2290 2324 προπομπεῦσαι
2325 2249 2372 2290 2·

378 2332 536 2404 οὔτε
561 2360 624 2403 τι
653 2332 816 2405 ἄλλο
841 2340 978 2405 τῶν
1004 2341 1373 2423 βασιλικῶν
1398 2336 1757 2425 συμβόλων
1783 2339 1849 2416 ές
1874 2334 2044 2419 ὕψος
2072 2333 2289 2427 ἀρθῆ-

377 2464 492 2507 ναι
531 2438 695 2528 πρὶν
730 2433 774 2528 ἢ
811 2450 1062 2527 μαθεῖν
1096 2436 1223 2527 τὴν
1249 2438 1524 2528 γνώμην
1549 2444 1664 2529 τῆς
1703 2438 2083 2528 συγκλήτου
2124 2447 2289 2528 βου-

318 2563 354 2618 3
382 2545 518 2629 λῆς.
625 2543 770 2611 ἐπεὶ
799 2542 874 2612 δὲ
899 2540 1107 2612 αὐτὸν
1131 2538 1267 2631 ἅμα
1292 2547 1385 2635 τῷ
1424 2545 1831 2632 ἐπιφανῆναι
1860 2542 2102 2623 πάντες
2129 2538 2287 2631 ὁμο-

377 2641 695 2733 θυμαδὸν
716 2641 1111 2735 εὐφήμησαν
1129 2645 1491 2735 σεβάσμιόν
1507 2672 1581 2715 τε
1608 2648 1718 2715 καὶ
1740 2648 2018 2734 βασιλέα
2036 2665 2286 2736 προση-

374 2747 747 2838 γόρευσαν,
791 2744 830 2818 ὃ
870 2749 943 2819 δὲ
982 2747 1064 2818 τὰ
1111 2750 1236 2838 μὲν
1275 2755 1503 2840 πρῶτα
1544 2764 1899 2839 παρῃτεῖτο
1934 2754 2053 2837 τῆς
2085 2746 2290 2838 ἀρχῆς
2318 2774 2369 2817 w

373 2848 449 2920 τὰ
501 2854 884 2940 ἐπίφθονον
897 2904 916 2938 ,
972 2851 1177 2943 γῆράς
1237 2879 1311 2921 τε
1365 2852 1839 2943 προϊσχόμενος
1888 2850 2288 2940 συγγνώμης

373 2955 587 3023 ἐδεῖτο
606 3006 625 3041 ,
665 2953 846 3025 εἶναί
876 2982 949 3025 τε
986 2952 1275 3035 πολλοῦς
1326 2952 1729 3045 εὐπατρίδας
1766 2960 2065 3044 ἔφασκεν
2105 2950 2205 3035 οἷς
2240 2950 2284 3044 ἡ

370 3064 677 3145 βασιλεία
711 3064 966 3147 μᾶλλον
1007 3054 1273 3148 ἁρμόζει
1292 3080 1308 3095 ·
1352 3060 1463 3127 καὶ
1502 3056 1869 3146 λαβόμενος
1906 3063 2021 3147 τῆς
2063 3054 2283 3149 χειρὸς

369 3166 800 3249 Γλαβρίωνος
845 3156 1068 3231 εἷλκεν
1105 3157 1313 3229 αὐτόν
1327 3212 1346 3246 ,
1388 3168 1787 3244 καθίζεσθαι
1829 3162 2128 3231 κελεύων
2170 3162 2284 3230 ἐπὶ

307 3281 344 3333 4
371 3268 490 3330 τοῦ
514 3269 860 3350 βασιλείου
885 3263 1167 3353 θρόνου.
1275 3252 1363 3350 ἦν
1404 3263 1478 3331 δὲ
1517 3266 1770 3343 ἐκεῖνος
1814 3261 2279 3351 εὐγενέστατος
2310 3283 2361 3324 ³⁰

369 3363 493 3450 μὲν
534 3363 806 3433 πάντων
843 3370 981 3434 τῶν
1021 3360 1447 3454 εὐπατριδῶν
1476 3362 1794 3457 (ἀνέφερε
1834 3372 2003 3455 γοῦν
2042 3368 2111 3446 ἐς
2148 3372 2275 3435 Αἰ-

366 3470 560 3534 νείαν
596 3463 715 3535 τὸν
747 3463 1140 3555 Ἀφροδίτης
1178 3468 1291 3536 καὶ
1334 3463 1641 3557 Ἀγχίσου
1690 3466 1815 3559 τὴν
1864 3474 1986 3539 τοῦ
2038 3470 2277 3555 γένους
