2475 3859
373 168 404 227 1
413 166 494 229 36
852 170 864 193 “
1117 166 1383 227 ΠΕΜΠ
1394 166 1560 225 TON

369 368 481 411 ναι
517 336 690 428 ὑπὲρ
719 344 1014 428 κεφαλῆς
1037 344 1160 407 τοῦ
1185 334 1700 427 ἀγάλματος’τῆς
1740 342 1961 425 νίκης,
1994 333 2085 417 ὥς
2120 360 2288 409 συν-

369 443 586 525 ιόντες
631 445 698 523 ἐς
751 440 826 511 τὸ
863 440 1351 531 βουλευτήριον
1404 439 1779 527 λιβανωτόν
1824 466 1895 508 τε
1942 447 2290 529 θυμιῶσιν

369 550 642 627 ἕκαστος
681 547 795 615 καὶ
843 554 1036 614 οἴνου
1079 546 1439 615 σπένδωσι.
1527 543 1888 633 προσέταξέ
1922 570 1991 611 τε
2034 544 2283 624 πάντας

367 648 524 732 τοὺς
558 646 896 737 Ῥωμαίων
927 643 1282 735 ἄρχοντας,
1312 648 1427 715 καὶ
1470 656 1537 715 εἴ
1570 672 1743 726 τινες
1784 650 2106 733 δημοσίας
2148 658 2281 717 θν-

366 758 514 833 σίας
541 754 949 838 ἐπιτελοῦσι,
980 748 1112 839 πρὸ
1139 756 1276 821 τῶν
1306 747 1529 819 ἄλλων
1558 755 1743 819 θεῶν
1770 744 1889 828 οὓς
1908 748 1989 838 δὴ
2018 756 2271 820 καλοῡ-
2294 768 2319 811 ⁵

369 876 480 925 σιν
518 860 1056 945 ἱερουργοῦντες,
1091 850 1441 942 ὀνομάζειν
1480 851 1599 921 τὸν
1632 853 1791 922 νέον
1817 851 1987 921 θεὸν
2021 850 2283 922 Ἐλαια-

266 1009 301 1035 .,
323 1000 394 1036 m
405 957 719 1047 γάβαλον.
791 954 882 1038 ὡς
907 956 985 1027 δὲ
1011 960 1078 1038 ἐς
1103 954 1227 1046 τὴν
1255 953 1509 1045 Ῥώμην
1539 951 1815 1044 ἀφίκετο
1847 961 1937 1047 τῷ
1964 982 2285 1044 προειρη-

369 1064 548 1155 μένῳ
575 1060 872 1149 σχήματι,
903 1057 1108 1131 οὐδὲν
1133 1059 1513 1150 παράδοξον
1548 1057 1731 1129 εἶδον
1760 1062 1830 1126 οἰ
1856 1054 2179 1147 Ῥωμαῖοι,
2202 1066 2281 1148 τῇ

307 1182 342 1237 8
369 1170 598 1255 γραφῇ
625 1164 1092 1252 ένειθισμένοι.
1198 1161 1364 1244 δούς
1390 1162 1465 1233 δὲ
1492 1159 1607 1245 τὰς
1634 1161 1956 1250 συνήθεις
1972 1170 2063 1254 τῷ
2090 1161 2282 1255 δήμῳ

365 1266 574 1357 νομὰς
601 1270 709 1337 ἐπὶ
737 1274 816 1357 τῇ
847 1260 961 1355 τῆς
995 1273 1334 1355 βασιλείας
1362 1270 1661 1355 διαδοχῇ,
1692 1271 2052 1353 φιλοτίμως
2076 1291 2147 1333 τε
2165 1266 2277 1333 καὶ
2310 1294 2353 1333 ιο

368 1377 747 1451 πολυτελῶς
774 1372 1150 1450 ἐπιτελέσας
1176 1368 1605 1449 παντοδαπὰς
1632 1370 1795 1455 θέας
1812 1421 1830 1455 ,
1860 1367 2035 1437 νει-όν
2062 1396 2129 1436 τε
2158 1370 2277 1457 μέ·-

365 1494 597 1563 γιστον
623 1476 735 1543 καὶ
763 1473 1120 1543 κάλλιστον
1157 1472 1656 1551 κατασκευάσας
1686 1478 1778 1565 τῷ
1809 1477 1985 1565 θεῷ,
2012 1470 2281 1559 βωμούς

365 1602 438 1645 τε
467 1583 816 1658 πλείστους
836 1578 989 1664 περὶ
1015 1574 1133 1646 τὸν
1149 1574 1329 1646 νεῶν
1358 1574 1655 1664 ἱδρύσας,
1688 1574 1995 1644 ἑκάστοτε
2020 1572 2279 1661 προϊών

365 1682 586 1751 ἕωθεν
606 1680 972 1769 ἑκατόμβας
989 1706 1060 1749 τε
1085 1679 1359 1770 ταύρων
1385 1682 1498 1747 καὶ
1525 1677 1881 1766 προβάτων
1908 1675 2079 1746 πολὺ
2108 1684 2279 1765 πλῆ-

363 1792 489 1864 θος
514 1786 922 1872 κατέσφαττε
949 1798 1084 1864 τοῖς
1111 1810 1183 1853 τε
1213 1790 1463 1872 βωμοῖς
1490 1784 1804 1867 ἐπετίθει,
1836 1786 2277 1861 παντοδαποῷ
2308 1816 2348 1857 15

363 1882 668 1977 ἀρώμασι
723 1885 1082 1977 σωρεύων,
1133 1896 1327 1956 οἶνον
1378 1912 1449 1955 τε
1498 1891 1617 1955 τοῦ
1670 1883 2115 1955 παλαιοτάτου
2164 1884 2280 1952 καὶ

363 1998 721 2061 καλλίστου
770 1989 1056 2071 πολλοὺς
1111 1986 1452 2078 ἀμφορέας
1492 1993 1917 2078 τοῖαβωμῶν
1955 1989 2276 2077 προχέων,

367 2088 458 2173 ὥς
501 2096 745 2182 ῥεῖθρα
783 2094 1115 2182 φέρεσθαι
1161 2102 1355 2162 οἴνου
1386 2120 1459 2161 τε
1498 2092 1611 2159 καὶ
1649 2096 1919 2178 αἵματος
1957 2092 2279 2179 μεμιγμέ-

305 2203 338 2258 9
365 2222 514 2265 νου.
568 2202 730 2283 περί
755 2222 826 2265 τε
851 2193 1009 2276 τοὺς
1035 2193 1307 2284 βωμοὺς
1332 2194 1646 2285 ἐχόρευεν
1670 2189 1801 2263 ὑπὸ
1832 2198 2279 2273 παντοδαποῖς

361 2294 546 2386 ἤχοις
573 2294 917 2387 ὀργάνων,
948 2298 1196 2387 γύναιά
1223 2324 1294 2367 τε
1332 2296 1649 2385 ἐπιχώρια
1690 2296 1959 2383 ε’χόρευε
1986 2294 2118 2365 σὺν
2146 2291 2275 2365 αύ-
2302 2323 2348 2363 m
2412 2302 2415 2361 f

363 2407 488 2492 τῷ,
533 2402 938 2489 περιθέοντα
979 2416 1114 2481 τοῖς
1178 2408 1465 2489 βωμοῖς,
1515 2398 1823 2488 κύμβαλα
1876 2394 1919 2486 ἦ
1948 2398 2277 2487 τύμπανα

361 2502 524 2592 μετὰ
543 2519 764 2591 χεῖρας
783 2506 1074 2593 φέροντα
1092 2526 1106 2539 ·
1139 2502 1581 2593 περιειστήκει
1610 2503 1685 2571 δὲ
1712 2497 1951 2590 πᾶσαὴ
1983 2502 2278 2590 σύγκλη-

361 2634 472 2687 τος
496 2608 610 2676 καὶ
639 2604 712 2677 τὸ
747 2604 1022 2676 ἱππικὸν
1049 2606 1263 2695 τάγμα
1304 2610 1377 2677 ἐν
1404 2606 1705 2695 θεάτρου
1736 2604 2033 2693 σχήματι.
2086 2603 2169 2673 τὰ
2202 2604 2278 2675 δὲ

358 2710 702 2799 σπλάγχνα
755 2717 892 2783 τῶν
944 2712 1530 2799 ίερουργηθέντων
1581 2708 1663 2779 τά
1714 2736 1785 2777 τε
1837 2704 2153 2796 ἀρώματα
2204 2711 2277 2777 ἐν

359 2830 630 2901 χρυσοῖς
657 2813 970 2883 σκεύεσιν
997 2810 1167 2902 ὑπὲρ
1198 2820 1494 2903 κεφαλῆς
1523 2808 1649 2881 οὐκ
1680 2813 1927 2881 οἰκέται
1972 2810 2057 2899 δή
2094 2836 2271 2891 τινες
2300 2830 2345 2871 2⁵
2412 2822 2414 2843 ³

259 2933 328 2985 10
355 2910 401 3004 ἢ
430 2914 716 2998 εὐτελεῖς
745 2913 1098 3006 ἅνθρωποι
1137 2924 1419 3007 ἔφερον,
1450 2911 1595 2985 ἀλλ’
1632 2920 1703 2985 οἵ
1736 2911 1796 2983 τ’
1830 2921 2105 3004 ἔπαρχοι
2138 2920 2275 2983 τῶν

355 3025 823 3111 στρατοπέδων
847 3022 961 3089 καὶ
995 3026 1068 3089 οί
1102 3023 1175 3090 ἐν
1203 3036 1346 3101 ταῖς
1372 3026 1710 3108 μεγίσταις
1737 3017 2086 3107 πράξεσιν,
2114 3012 2275 3086 ἆνε-

355 3126 672 3212 ζωσμένοι
701 3124 824 3212 μὲν
849 3130 1131 3212 χιτῶνας
1158 3122 1475 3212 ποδήρεις
1491 3123 1601 3191 καὶ
1630 3119 2061 3209 χειριδωτοὺς
2086 3120 2273 3213 νόμῳ

353 3232 728 3312 Φοινίκων,
759 3228 834 3295 ἐν
873 3228 1050 3319 μέσῳ
1087 3228 1407 3315 φέροντες
1443 3232 1605 3314 μίαν
1646 3223 2042 3313 πορφύραν·
2099 3219 2273 3293 ὑπο-

352 3325 597 3413 δήμασι
626 3328 700 3397 δὲ
725 3334 924 3397 λίνου
943 3330 1413 3415 πεποιημένοις
1440 3332 1749 3421 ἐχρῶντο,
1781 3323 2005 3418 ὥσπερ
2032 3330 2107 3396 oc
2126 3322 2261 3395 κατ’
2298 3352 2343 3393 ³0

351 3429 576 3497 ἐκεῖνα
601 3428 682 3497 τὰ
707 3434 918 3517 χωρία
955 3428 1513 3517 προφητεύοντες.
1569 3430 1787 3515 ἐδόκει
1821 3430 1897 3497 δὲ
1924 3428 2122 3518 τιμὴν
2147 3456 2268 3516 με-

353 3534 590 3615 γίστην
617 3532 848 3616 νέμειν
871 3524 972 3610 οἷς
1000 3528 1345 3599 ἐκοινώνει
1372 3536 1487 3617 τῆς
1512 3536 1911 3619 ἱερουργίας.

2406 3394 2415 3428 A
