2475 3859
894 156 1200 217 TPITON
1914 157 1992 217 93

53 337 196 419 τῆς
219 327 644 419 ἀκροπόλεως
659 331 1178 419 κατειλημμένης
1196 332 1309 399 καὶ
1328 332 1441 415 τῆς
1458 334 1797 416 βασιλείας
1813 335 1994 417 ἰδρυ-

57 438 286 524 μένης
315 433 578 514 ἑκόντες
602 460 674 502 τε
705 434 819 503 καὶ
855 428 1128 514 ἄκοντες
1163 431 1407 513 πάντες
1434 427 1841 503 ὑπακούοιεν
1868 431 1993 502 οὐκ

59 540 379 630 ἐσομένῳ
418 544 682 625 βασιλεῖ
703 532 852 605 ἀλλ’
898 532 1026 624 ἤδη
1067 532 1232 605 ὄντι.
1335 534 1597 617 τούτοις
1638 534 1993 616 πιστεύσας
2018 551 2051 605 7

61 638 108 709 ὁ
139 638 570 720 Πλαύτιανὸς
595 636 724 728 ἤδη
751 640 905 729 περὶ
943 644 1173 727 δείλην
1213 639 1535 727 ἑσπέραν,
1578 636 1815 727 ἀρθεὶς
1852 655 1995 718 ταῖς

0 777 24 816 ⁵
65 747 340 831 ἐλπίσι,
381 742 662 830 θώρακα
706 743 830 831 μὲν
881 737 1330 830 ἀμφιέννυται
1379 746 1495 828 τῆς
1539 748 1661 811 τοῦ
1700 726 1995 829 σώματος

67 844 452 933 ἀσφαλείας
476 845 700 933 χάριν,
729 843 990 933 κρύψας
1019 844 1094 913 δὲ
1131 841 1345 914 αὐτὸν
1383 850 1463 933 τῇ
1495 851 1695 935 λοιπῇ
1736 848 1993 932 ἐσθῆτι,

69 948 320 1038 ἐπιβὰς
345 945 670 1037 ὀχήματος
694 953 1051 1037 αἰφνιδίως
1090 949 1157 1027 ἐς
1194 945 1276 1017 τά
1320 954 1625 1035 βασίλεια
1662 946 1993 1038 ἠπείγετο,

69 1049 336 1140 ὀλίγων
371 1048 582 1122 αὐτὸν
607 1049 1212 1140 παραπεμπόντων,
1258 1058 1328 1121 οἳ
1357 1056 1665 1139 παρῆσαν
1706 1053 1997 1141 οἰόμενοι

73 1163 458 1245 κεκλῆσθαι
484 1151 618 1223 ὑπὸ
647 1160 783 1223 τῶν
811 1155 1138 1243 βασιλέων
1175 1153 1289 1223 διά
1324 1181 1474 1223 τινα
1499 1156 1867 1237 ἐπείξαντα.
1902 1150 1989 1233 ὡς
2018 1170 2054 1223 8

0 1290 39 1329 ιο
78 1258 164 1327 δὲ
209 1261 446 1345 ἐπέστη
492 1264 572 1347 τῇ
614 1263 928 1348 βασιλείῳ
989 1253 1195 1346 αὐλῇ,
1250 1253 1606 1338 ἀκωλύτως
1660 1264 1995 1347 εἰσῆλθεν,

23 1360 32 1367 ’
77 1358 520 1449 ἀγνοούντων
548 1356 622 1429 τὸ
649 1360 1103 1448 πραττόμενον
1131 1366 1269 1429 τῶν
1294 1358 1622 1447 φυλάκων
1638 1384 1652 1397 ·
1684 1357 1997 1431 ὑπαντώ-

77 1492 286 1552 μενος
315 1460 386 1534 δ’
431 1459 468 1533 ὃ
497 1469 832 1551 χιλίαρχος
869 1462 1247 1551 ἐνεδρεύων
1282 1490 1355 1532 τε
1391 1477 1753 1551 προσεῖπεν
1793 1462 1998 1534 αὐτο-

80 1567 409 1655 κράτορα,
453 1569 567 1635 καὶ
607 1571 822 1653 δῆθεν
862 1566 1178 1652 συνήθως
1219 1566 1586 1653 λαβόμενος
1626 1574 1743 1655 τῆς
1781 1566 1999 1655 χειρὸς

83 1673 156 1750 ἐς
199 1668 272 1739 τὸ
317 1670 648 1757 δωμάτων
689 1666 1071 1757 εἰσήγαγεν,
1115 1676 1287 1737 ἔνθα
1334 1676 1625 1758 ἔφασκεν
1670 1672 1993 1758 ἐρρῖφθαι

0 1808 50 1848 15
86 1771 172 1843 τὰ
213 1779 347 1842 τῶν
386 1772 715 1862 βασιλέων
759 1772 1045 1860 σώματα.
1148 1767 1280 1860 ἤδη
1321 1772 1395 1840 δὲ
1436 1774 1917 1861 παρεσκευάκει
1956 1769 1993 1840 ὁ
2020 1787 2055 1840 9

87 1882 394 1964 Σεθῆρος
419 1882 688 1954 νεανίας
713 1882 850 1945 τῶν
879 1877 1032 1961 περὶ
1059 1869 1267 1943 αὑτὸν
1292 1876 1901 1963 σωματοφυλάκων,
1932 1884 2001 1944 οἳ

89 1978 544 2067 συλλήψονται
597 1973 806 2047 αὐτὸν
849 1978 1259 2047 εἰσελθόντα.
1364 1974 1399 2046 ὁ
1458 1978 1533 2047 δὲ
1572 1977 1997 2056 Πλαυτιανὸς

91 2080 209 2170 ἐφ’
243 2084 494 2171 ἑτέραις
534 2078 836 2152 ἐσελθών
875 2084 1138 2151 ἐλπίσιν
1179 2076 1307 2170 ὁρᾷ
1348 2078 1507 2161 τούς
1532 2083 1842 2169 βασιλέας
1868 2078 1997 2168 ἄμ·-

93 2188 422 2275 φοτέρους
476 2187 787 2270 ἑστῶτας,
841 2190 1258 2272 συλληφθείς
1311 2210 1381 2253 τε
1448 2193 1781 2272 κατείχετο
1799 2207 1814 2221 ·
1885 2188 1999 2255 καὶ

3 2319 60 2358 20
95 2291 442 2377 ἐκπλαγεὶς
469 2294 561 2379 τῷ
587 2286 921 2375 πράγματι
959 2290 1168 2357 ἐδεῖτο
1209 2286 1323 2355 καὶ
1362 2287 1678 2375 ἐλιπάρει.
1754 2285 1998 2357 ἀπελο-

95 2391 272 2479 γεττό
311 2418 415 2478 τε,
463 2390 743 2478 φάσκων
789 2389 1004 2459 πάντα
1039 2395 1259 2475 ψευδῆ
1298 2388 1469 2459 εἶναι
1510 2393 1623 2461 καὶ
1661 2391 1999 2479 συσκευὴν

95 2490 242 2563 κατ’
293 2490 505 2563 αὐτοῦ
545 2495 659 2563 καὶ
713 2498 930 2581 δρᾶμα
975 2491 1401 2563 ἐσκευάσθαι.
1482 2493 1727 2575 πολλὰς
1764 2494 1841 2564 δὲ
1880 2500 1997 2563 τοῦ
2037 2509 2102 2559 10

95 2597 220 2684 μὲν
263 2595 576 2685 Σεεήρου
615 2592 1051 2680 ὀνειδίζοντος
1096 2592 1480 2681 εὐεργεσίας
1526 2624 1597 2666 τε
1636 2601 1749 2668 καὶ
1786 2598 1997 2684 τιμάς,

98 2705 214 2769 τοῦ
243 2699 318 2769 δὲ
343 2698 624 2779 πίστεώς
648 2726 718 2769 τε
753 2701 866 2768 καὶ
895 2694 1160 2779 εὐνοίας
1185 2703 1301 2789 τῆς
1328 2695 1599 2769 ἄνωθεν
1626 2697 2003 2788 ὑπομιμνή-

12 2840 66 2881 2v,
101 2826 406 2890 σκοντος,
435 2800 646 2892 ἠρέμα
686 2827 825 2882 πως
867 2797 902 2871 ὁ
931 2809 1234 2888 Σεεῆρος
1273 2798 1563 2890 ὑπήγετο
1602 2813 1835 2873 πειθοῖ
1867 2810 2003 2871 τῶν

101 2903 232 2975 ὑπὸ
283 2913 403 2975 τοῦ
442 2910 878 2975 Πλαυτιανοῦ
919 2907 1331 2991 λεγομένων,
1376 2912 1520 2974 ἔστε
1562 2904 1645 2994 δὴ
1688 2901 2003 2994 ὗπεφάνη

102 3015 219 3078 τοῦ
279 3008 591 3098 θώρακος
642 3010 838 3097 μέρος
896 3016 1421 3095 καταραχθείσης
1477 3014 1591 3096 τῆς
1658 3005 1761 3077 ἐπ’
1821 3004 2003 3099 αὐτῷ

102 3115 398 3199 ἐσθῆτος.
451 3108 616 3199 ὅπερ
645 3108 812 3181 ἰδών
851 3104 885 3179 ὁ
920 3106 1345 3197 Ἀντωνῖνος,
1388 3112 1537 3191 νέος
1576 3110 1841 3201 θρασὺς
1867 3122 2003 3180 θυ-

104 3214 366 3304 μοειδής
407 3243 480 3285 τε
517 3216 630 3285 καὶ
678 3212 880 3302 φύσει
931 3220 1148 3302 μισῶν
1188 3213 1307 3283 τὸν
1344 3210 1747 3301 ἄνθρωπον,
1792 3210 2003 3283 “οἰλλά
2041 3232 2103 3282 11

19 3351 74 3391 ω
107 3317 268 3407 πρὸς
295 3314 457 3388 δύο”
489 3325 620 3408 ἔφη
639 3313 888 3387 “casita
927 3324 998 3387 τί
1031 3312 1116 3387 ἂν
1141 3314 1572 3406 ἄποκρίναιο;
1616 3312 1799 3404 ἥκεις
1839 3315 2005 3407 πρὸς

106 3424 412 3510 βασιλέας
437 3424 716 3509 ἑσπέρας
739 3416 830 3509 μὴ
862 3419 1331 3502 κελεύσαντας·
1362 3417 1402 3489 ὅ
1428 3448 1498 3490 τε
1526 3419 1753 3508 θώραξ
1794 3441 1899 3489 σοι
1940 3425 2013 3489 τί

109 3524 448 3613 βούλεται;
487 3532 586 3604 τίς
625 3521 754 3613 γὰρ
793 3526 860 3604 ές
901 3525 1194 3593 ἑστίασιν
1237 3520 1283 3612 ἢ
1324 3529 1554 3614 κῶμον
1598 3519 2008 3611 ὡπλισμένος
