2475 3859
871 160 1174 220 TPITON
1880 160 1959 222 95

37 354 220 412 σεως
259 330 714 420 διηγούμενος.
814 330 1205 422 θησαυρούς
1246 359 1319 401 τε
1359 332 1471 402 καὶ
1508 330 1706 419 νεώς,
1746 332 1959 403 πάντα
1985 357 2024 410 4

37 440 358 505 ἐδείκνυε
395 434 748 524 χρημάτων
783 435 1034 524 πλήρη,
1078 434 1373 505 πλοῦτόν
1410 462 1479 504 τε
1516 438 1630 505 καὶ
1670 435 1962 525 δύναμιν

36 535 176 607 οὐκ
207 544 477 607 ἔσεσθαι
507 542 760 621 ἔξωθεν
787 542 1297 626 ἐπιβουλεῦσαι,
1341 538 1663 627 τοσαύτης
1688 539 1812 628 μὲν
1838 537 1963 610 οὔ·

36 664 168 730 σης
223 650 394 711 οἴκοι
446 649 830 730 περιουσίας
871 637 960 723 ῶς
1003 638 1298 729 ἀφειδῶς
1334 644 1445 711 καὶ
1494 646 1791 723 δαψιλῶς
1828 658 1962 724 τοῖς

37 744 478 833 στρατιώταις
503 761 844 835 χορηγεῖν,
873 752 990 833 τῆς
1015 772 1086 813 τε
1120 748 1193 814 ἐν
1222 742 1432 835 Ῥώμῃ
1460 745 1806 833 δυνάμεως
1834 742 1962 816 αὖ-

35 854 160 935 τῆς
199 853 948 937 τετραπλασιασθείσης,
991 848 1103 917 καὶ
1147 850 1603 934 στρατοπέδου
1640 848 1961 919 τοσούτου

37 948 176 1039 πρὸ
207 957 320 1039 τῆς
347 950 600 1032 πόλεως
629 955 1024 1039 ἱδρυθέντος
1065 946 1151 1032 ὥς
1179 957 1510 1039 μηδεμίαν
1551 950 1719 1021 εἶναι
1748 952 1961 1021 δύνα-

38 1082 164 1142 μιν
193 1058 447 1136 ἔξωθεν
476 1056 794 1143 ἐχέγγυον
821 1050 978 1144 μηδ’
1011 1050 1378 1124 ἀντίπαλον
1397 1054 1642 1142 πλήθει
1671 1062 1959 1145 στρατοῦ

40 1155 212 1245 μήτε
259 1158 532 1245 μεγέθει
587 1158 910 1247 σωμάτων
961 1157 1123 1247 μήτε
1177 1156 1531 1247 χρημάτων
1584 1166 1957 1250 περιουσίᾳ.

0 1286 5 1317 v
43 1257 226 1348 πλὴν
254 1257 457 1329 οὐδὲν
483 1257 724 1349 ὄφελος
752 1261 1008 1331 τούτων
1045 1260 1316 1330 πάντων
1342 1268 1529 1348 ἔλεγε
1572 1261 1957 1345 στασιαζόν-
1985 1272 2021 1324 5

41 1389 183 1432 των
209 1361 377 1452 πρὸς
415 1360 771 1453 ἀλλήλους,
801 1371 922 1433 τοῦ
961 1392 1031 1433 τε
1077 1366 1372 1451 πολέμου
1413 1368 1613 1433 ἔνδον
1652 1360 1862 1445 ὄντος.
1920 1360 1959 1432 ὃ

40 1466 169 1554 μὲν
197 1464 282 1553 δὴ
309 1467 582 1536 τοιαῦτά
608 1496 758 1535 τινα
785 1469 1000 1556 λέγων
1027 1466 1367 1554 ἑκάστοτε,
1398 1466 1555 1537 ποτὲ
1594 1467 1717 1555 μὲν
1758 1475 1957 1537 λιπα-

41 1575 188 1656 ρῶν
231 1570 390 1638 ποτε
431 1570 508 1639 δὲ
561 1569 1008 1659 ἐπιπλήττων,
1049 1578 1492 1657 σωφρονίζειν
1530 1566 1781 1649 αὐτοὺς
1822 1566 1955 1658 ἅμα

41 1674 157 1741 καὶ
185 1672 506 1761 συνάγειν
531 1676 838 1763 ἐπειρᾶτο
859 1696 872 1709 ·
903 1677 978 1742 οῖ’
994 1677 1035 1741 δ
1041 1669 1077 1761 ’-
1092 1669 1236 1742 οῧτι
1270 1700 1346 1760 γε
1373 1676 1743 1759 ἐπείθοντο,
1774 1669 1953 1761 ἀφη-

0 1801 18 1839 ⁵·
45 1782 276 1859 νίαζον
309 1776 384 1844 δὲ
410 1778 520 1845 καὶ
550 1778 948 1847 ἐπεδίδοσαν
985 1778 1052 1856 ἐς
1089 1773 1161 1845 τὸ
1200 1791 1444 1865 χεῖρον.
1550 1770 1663 1844 ἅτε
1690 1776 1765 1844 δὲ
1791 1802 1949 1844 νεα-
1982 1800 2017 1854 6

41 1886 196 1958 νίας
219 1885 642 1968 σφριγῶντας
668 1880 780 1947 καὶ
807 1874 938 1948 ὑπὸ
967 1885 1310 1966 βασιλικῆς
1326 1880 1625 1961 ἐξουσίας
1652 1881 1717 1959 ἐς
1746 1877 1956 1959 πάσας
2040 1876 2045 1881 ’

40 1979 312 2070 ἡδονῶν
353 1978 599 2070 ὀρέξεις
641 1978 984 2071 ἀπλήστως
1029 1978 1456 2070 ὁρμωμένους
1507 1983 1767 2050 ἕκαστοι
1820 1988 1957 2051 τῶν

41 2084 552 2155 κολακευόντων
605 2081 967 2155 ἀνθεῖλκον
1032 2083 1199 2173 πρὸς
1256 2080 1535 2170 αὐτούς,
1602 2079 1685 2153 οὐ
1746 2084 1955 2173 μόνον

43 2184 574 2278 ὑπηρετούμενοι
599 2204 741 2268 ταῖς
775 2191 1162 2275 ἐπιθυμίαις
1201 2184 1429 2257 αὐτῶν
1465 2182 1579 2256 καὶ
1620 2202 1763 2267 ταῖς
1801 2189 1955 2276 περὶ

0 2321 12 2360 )
45 2288 128 2359 τὰ
155 2301 458 2378 αἴσχιστα
494 2296 849 2379 σπουδαῖς,
888 2288 1058 2359 ἀλλά
1097 2292 1208 2359 καὶ
1248 2287 1360 2360 ἀεί
1392 2319 1455 2360 τι
1495 2286 1732 2359 καινὸν
1768 2292 1956 2373 ἐξευ-

44 2402 418 2482 ρίσκοντες,
449 2390 540 2465 δι’
573 2385 658 2463 οὖ
686 2391 1102 2483 εὐφρανοῦσι
1129 2394 1255 2482 μὲν
1272 2389 1355 2463 ὃν
1382 2393 1802 2481 ἐκολάκευον,
1832 2402 1954 2464 λυ·-

41 2496 330 2585 πήσουσι
359 2498 434 2567 δὲ
467 2494 586 2567 τὸν
629 2493 945 2585 ἀδελφόν.
1013 2492 1140 2585 ἤδη
1171 2504 1343 2586 γοῦν
1376 2494 1558 2578 τινάς
1588 2497 1701 2565 καὶ
1727 2494 1955 2585 λαβών

43 2602 151 2669 ἐπὶ
177 2599 512 2681 τοιαύταις
539 2595 930 2689 ὑπηρεσίαις
958 2595 992 2668 ὁ
1030 2606 1335 2689 Σευῆρος
1359 2599 1694 2669 ἐκόλασεν.

245 2699 638 2791 ἀσχάλλοντι
683 2703 760 2772 δὲ
815 2700 996 2797 αὐτῷ
1039 2702 1148 2771 ἐπὶ
1189 2709 1281 2794 τῷ
1322 2702 1605 2794 τοιούτῳ
1646 2708 1774 2793 βίῳ
1816 2706 1953 2771 τῶν
1976 2712 2050 2771 14

0 2826 14 2865 ⁵
44 2808 310 2874 παίδων
335 2808 448 2875 καὶ
474 2812 554 2896 τῇ
582 2808 735 2898 περὶ
761 2804 843 2876 τὰ
879 2805 1178 2893 θεάματα
1207 2802 1495 2895 ἀπρεπεῖ
1514 2810 1775 2895 σπουδῇ
1805 2806 1951 2873 ἐπι-

43 2911 299 2977 στέλλει
329 2904 366 2977 ὀ
393 2916 507 2999 τῆς
531 2916 933 3000 Βρεττανίας
959 2905 1359 2997 ἡγούμενος,
1400 2907 1771 2990 στασιάζειν
1795 2904 1953 2986 τούς

42 3013 186 3081 ἐκεῖ
206 3012 586 3102 βαρβάρους
607 3012 904 3101 φάσκων,
924 3013 1036 3081 καὶ
1055 3012 1567 3099 κατατρέχοντας
1586 3008 1709 3099 τὴν
1726 3008 1951 3098 χῶραν

43 3120 234 3183 λείαν
269 3143 341 3185 τε
388 3112 669 3204 ἀπάγειν
711 3117 823 3185 καὶ
866 3124 1152 3203 πορθεῖν
1194 3112 1277 3183 τὰ
1326 3121 1626 3183 πλεῖστα·
1684 3117 1950 3182 δεῖσθαι

44 3224 282 3288 τοίνυν
317 3217 536 3308 χειρὸς
579 3226 885 3300 πλείονος
923 3216 1089 3308 πρὸς
1128 3217 1453 3305 βοήθειαν
1494 3222 1617 3284 τοῦ
1656 3214 1866 3285 τόπον
1904 3209 1950 3303 ἢ

0 3351 17 3390 υ
47 3328 393 3410 βασιλικῆς
431 3324 799 3410 ἐπιδημίας.
899 3316 938 3390 ὁ
981 3320 1056 3389 δὲ
1083 3327 1381 3409 Σεεῆρος
1411 3316 1709 3407 ἀσμένως
1745 3324 1953 3387 ταῦτα
1977 3327 2011 3379 2

45 3420 369 3513 ἀκούσας,
413 3423 618 3514 φύσει
659 3424 784 3513 μὲν
825 3424 933 3493 καὶ
965 3420 1317 3513 φιλόδοξος
1349 3418 1564 3504 ἄλλως
1607 3419 1947 3514 ὑπάρχων,

43 3529 152 3596 καὶ
181 3525 343 3616 μετὰ
373 3523 485 3607 τάς
512 3524 646 3597 ὑπὸ
661 3524 1008 3608 ἀνατολαῖς
1035 3529 1146 3596 καὶ
1173 3523 1393 3620 ἄρκτῳ
1412 3532 1599 3607 νίκας
1615 3528 1725 3595 καὶ
1744 3549 1953 3617 προσ-
