2475 3859
1020 183 1365 246 ΟΓΔΟΟΝ
2033 181 2149 242 197

232 349 633 444 ἡγουμένων
659 359 798 424 τῶν
823 357 1020 426 ἰδίων
1057 359 1483 445 στρατιωτῶν
1524 382 1613 437 ως
1652 350 2003 443 ἀνάνδρως
2034 356 2150 424 καὶ

235 457 562 551 ῥαθύμως
587 461 1178 549 προσφερομένους
1202 465 1284 548 τῇ
1309 463 1709 558 τειχομαχίᾳ.
1763 453 1935 528 οθεν
1960 453 2146 549 αὐτω

234 563 658 650 περιεγένετο
686 559 852 650 πρὸς
881 561 1006 651 μὲν
1031 589 1170 632 των
1194 567 1463 632 οἰκείων
1490 558 1679 651 μῖσός
1716 586 1789 632 τε
1814 557 1987 632 καὶ’
1955 559 2144 652 οργή,

234 662 417 752 παρὰ
443 665 521 734 δὲ
545 669 682 734 τοῖν
709 660 1094 736 ἀντιπάλων
1119 660 1436 736 πλείων
1397 692 1442 753 η
1471 663 1984 790 καταφρόνησις.

165 793 198 833 5
438 769 798 856 συνέβαινε
835 767 912 838 δὲ
938 784 1076 850 τοῖς
1105 765 1523 857 Ἀκυλησίοις
1562 767 1780 838 πάντα
1818 763 2146 857 ὑπάρχειν

233 875 480 942 ἔκπλεα
519 872 636 940 καὶ
675 873 1071 960 ἐπιτηδείων
1108 868 1457 961 ἀφθονίαν
1471 923 1492 960 ,
1532 873 1607 941 ἐκ
1645 876 1893 961 πολλῆς
1927 897 2147 959 παρα-

232 979 478 1062 σκευῆς
514 976 582 1054 ἐς
620 970 746 1062 τὴν
782 973 983 1046 πόλιν
1019 974 1291 1046 πάντων
1330 975 1855 1064 σεσωρευμένων
1888 968 2015 1044 ὅσα
2058 964 2145 1062 ἦν

231 1074 622 1162 ἀνθρώποις
659 1077 773 1146 καὶ
811 1077 1121 1168 κτήνεσιν
1159 1079 1229 1158 ἐς
1266 1076 1519 1166 τροφὰς
1556 1079 1669 1148 καὶ
1707 1074 1875 1147 ποτὰ
1915 1077 2145 1165 ε’πιτή·

233 1184 382 1249 δεια
401 1202 416 1217 ·
473 1175 509 1247 ὅ
537 1179 614 1249 δὲ
639 1178 917 1268 στρατὸς
947 1178 1219 1252 πάντων
1256 1171 1429 1271 <ἦν>
1473 1185 1549 1250 ἐν
1576 1176 1849 1267 σπάνει,
1894 1186 2031 1250 τῶν
2072 1206 2144 1249 τε

141 1309 196 1349 ιο
234 1281 688 1371 καρποφόρων
713 1284 1019 1375 δένδρων
1045 1285 1552 1374 ἐκκεκομμένων
1581 1285 1694 1353 καὶ
1730 1290 1845 1372 τῆς
1871 1290 1993 1372 γῆς
2017 1277 2135 1352 ὑπ’

232 1381 444 1456 αὐτοῦ
473 1388 916 1476 δεδῃωμένης.
1017 1389 1330 1475 μένοντες
1358 1387 1433 1457 δὲ
1474 1383 1607 1457 ὑπὸ
1636 1402 1913 1477 σκηναῖς
1938 1382 2143 1457 αὖτο-
2168 1403 2204 1456 4

231 1493 552 1576 σχεδίοις,
581 1495 654 1559 oc
674 1488 752 1558 δὲ
775 1498 1072 1560 πλεῖστοι
1098 1485 1234 1558 ὑπὸ
1265 1517 1499 1583 γυμνω
1527 1517 1619 1582 τω
1646 1487 1829 1579 ἀέρι,
1868 1485 2145 1580 ομβρων

231 1619 304 1662 τε
337 1593 450 1662 καὶ
475 1588 672 1681 ἡλίου
697 1587 1078 1681 ηνείχοντο,
1107 1598 1279 1684 λιμω
1319 1619 1393 1662 τε
1432 1597 1943 1682 διεφθείροντο,
1975 1591 2145 1682 μηδὲ

231 1693 628 1765 ἐπεισάκτου
653 1701 908 1784 τροφῆς
931 1689 1160 1776 αὐτοῖς
1191 1721 1265 1764 τε
1294 1695 1409 1766 καὶ
1436 1690 1825 1782 ὑποζυγίοις
1852 1701 2145 1782 εἰσκομι-

141 1823 194 1864 ιε
233 1799 523 1886 ζομένης.
577 1798 1004 1886 πανταχόθεν
1039 1796 1168 1889 γὰρ
1193 1796 1311 1878 τὰς
1338 1803 1453 1886 τῆς
1476 1794 1748 1879 Ἰταλίας
1786 1794 1989 1894 ὁδους
2012 1824 2146 1868 παω

230 1900 684 1990 ραφράξαντες
712 1891 882 1991 ἦσαν
907 1907 980 1971 οί
994 1897 1297 1990 Ῥωμαῖοι
1322 1907 1587 1990 τειχίων
1610 1927 1683 1971 τε
1708 1887 2007 1990 ἐγέρσεσι
2031 1901 2146 1968 καὶ

227 2009 536 2074 πυλίδων
577 2000 952 2093 ἀσκήσεσιν.
1059 2000 1311 2093 ανδρας
1368 2031 1441 2074 τε
1491 2000 1946 2084 ὑπατευκότας
1998 2004 2199 2086 ἐξέ-5

227 2120 492 2195 πεμψεν
530 2103 572 2196 ἡ
601 2106 968 2197 σύγκλητος
999 2105 1132 2177 σὺν
1161 2109 1525 2189 ἐπιλέκτοις
1564 2107 1679 2178 καὶ
1713 2105 1993 2194 λογάσιν
2030 2101 2139 2175 ἀπ’

218 2207 497 2291 Ἰταλίας
525 2210 737 2300 πάσης
761 2207 1124 2302 ἀνδράσιν,
1166 2206 1259 2280 ἵν’
1304 2216 1604 2298 αἰγιαλοί
1632 2237 1706 2281 τε
1748 2209 1989 2290 πάντες
2027 2209 2144 2279 καὶ

135 2343 196 2384 ⁴20
229 2315 495 2402 λιμένες
521 2321 957 2404 φρουρῶνται
986 2315 1099 2384 καὶ
1113 2314 1355 2402 μηδενὶ
1380 2319 1668 2394 ἔκπλους
1694 2319 2139 2402 συγχωρῆται,

227 2411 321 2496 ὥς
349 2411 612 2486 ἀπυστα
640 2418 754 2486 καὶ
791 2413 1101 2506 ἄγνωστα
1129 2415 1303 2488 εἶναι
1326 2419 1686 2510 Μαξιμίνῳ
1712 2414 1793 2486 τὰ
1820 2420 1895 2487 ἐν
1927 2413 2139 2505 Ῥώμῃ

227 2517 676 2608 πραττόμενα·
705 2523 782 2588 αἵ
801 2547 874 2589 τε
905 2520 1245 2608 λεωφόροι
1279 2515 1428 2590 ὁδοὶ
1470 2522 1583 2590 καὶ
1620 2516 1905 2607 ἀτραποὶ
1930 2526 2139 2589 πᾶσαι

227 2620 678 2712 ἐφυλάττοντο
705 2617 796 2704 ὥς
821 2623 1076 2710 μηδένα
1101 2627 1496 2711 διαβαίνειν.
1536 2625 1894 2712 συνέβαινε
1920 2622 1997 2690 δὲ
2021 2619 2143 2690 τὸν

226 2722 517 2814 στρατὸν
554 2730 886 2795 δοκοῦντα
932 2734 1316 2813 πολιορκεῖν
1360 2723 1571 2796 αὐτὸν
1612 2734 2138 2814 πολιορκεῖσθαι,

136 2859 194 2902 25
229 2829 376 2898 ἐπεὶ
401 2828 565 2917 μήτε
590 2826 716 2917 τὴν
739 2825 1098 2917 Ἀκυληίαν
1123 2830 1302 2897 ἑλεῖν
1326 2827 1632 2914 ἐδύνατο,
1662 2827 1825 2916 μήτε
1852 2823 2141 2908 ἀποστὰς

229 2934 500 3002 ἐκεῖθεν
523 2933 635 3002 ἐπὶ
655 2929 781 3021 τὴν
805 2928 1060 3019 Ῥώμην
1082 2937 1381 3019 χωρῆσαι
1406 2930 1523 3000 διά
1547 2956 1619 2999 τε
1634 2937 1811 2999 νεῶν
1838 2931 1949 3000 καὶ
1977 2925 2139 3018 ὀχη-

226 3033 460 3123 μάτων
485 3031 808 3126 ἀπορίαν·
839 3032 1102 3106 ἅπαντα
1114 3031 1242 3123 γὰρ
1273 3039 1799 3122 προκατείληπτο
1827 3035 1941 3103 καὶ
1967 3057 2138 3102 συν-

229 3139 625 3208 εκέκλειστο.
727 3144 942 3228 φῆμαι
979 3137 1056 3207 δὲ
1095 3143 1357 3226 μείζους
1396 3137 1461 3218 ἐξ
1498 3131 1792 3218 ὑποψίας
1818 3133 2140 3224 ἀληθείας
2165 3154 2201 3210 6

229 3245 644 3330 διεδίδοντο,
683 3235 788 3311 ὅτι
839 3247 968 3322 πᾶς
1017 3237 1056 3312 ὃ
1109 3245 1319 3328 δῆμος
1359 3235 1397 3309 ὁ
1429 3234 1767 3328 Ῥωμαίων
1795 3241 1872 3309 ἐν
1914 3234 2143 3319 ὅπλοις

139 3366 197 3408 ³⁰
235 3353 373 3433 εἴη,
407 3341 649 3414 Ἰταλία
697 3371 770 3413 τε
807 3351 986 3414 πᾶσα
1029 3341 1564 3432 συμπεπνεύκοι,
1606 3339 1821 3412 πάντα
1858 3369 1932 3411 τε
1970 3348 2141 3430 ἔθνη

221 3444 556 3536 Ἰλλυρικά
575 3448 684 3516 καὶ
706 3445 1012 3536 βάρβαρα
1035 3446 1117 3515 τά
1142 3474 1216 3516 τε
1242 3442 1350 3516 ὑπ’
1384 3442 1734 3526 ἀνατολαῖς
1757 3447 1871 3514 καὶ
1887 3465 2141 3534 μεσημ-

229 3555 455 3640 βρίαις
479 3548 766 3639 στρατὸν
793 3545 1070 3638 ἀγείροι,
1088 3555 1210 3642 μιᾷ
1225 3576 1297 3619 τε
1316 3549 1549 3642 γνώμῃ
1566 3550 1679 3620 καὶ
1704 3556 1885 3640 ψυχῇ
1902 3545 2143 3639 ὁμοίως
