2475 3859
398 133 518 194 160
1231 129 1521 192 ΕΚΤΟΝ

395 302 888 396 ἐβουλεύσαντο
913 298 1510 374 ἀποσκευάσασθαι
1532 299 1657 389 μὲν
1696 295 1815 368 τὸν
1846 295 2311 390 Ἀλέξανδρον,
2402 307 2409 366 ἔ

397 411 698 482 ἀνειπεῖν
727 409 802 478 δὲ
843 402 1301 494 αὐτοκράτορα
1342 405 1455 474 καὶ
1496 400 1819 493 σεβαστὸν
1860 402 1979 474 τὸν
2004 407 2312 493 Μαξιμῑ-
2406 455 2408 474 =

397 542 554 603 νον,
595 507 1094 600 συστρατιώτην
1131 535 1204 578 τε
1242 503 1469 587 αὐτῶν
1506 535 1668 578 οντα
1694 508 1809 576 καὶ
1832 507 2207 597 σύσκηνον,
2240 516 2312 588 ἔς
2404 517 2408 608 4

398 646 468 688 τε
495 614 615 687 τὸν
642 614 940 704 παρόντα
967 612 1260 701 πόλεμον
1296 608 1391 682 δι’
1434 615 1782 699 ἐμπειρίαν
1828 615 1943 682 καὶ
1984 611 2311 704 ἀνδρείαν

333 743 367 794 5
398 717 774 806 ἐπιτήδειον
801 721 1152 786 δοκοῦντα.
1216 712 1701 805 ἀθροισθέντες
1728 705 1855 784 οῦν
1880 718 1947 798 ἐς
1968 714 2043 788 τὸ
2072 723 2311 786 πεδίον
2340 745 2362 784 ⁵

399 822 802 909 ὠπλισμένοι
841 815 929 899 ὡς
967 817 1050 906 δὴ
1093 819 1202 888 ἐπὶ
1241 817 1323 889 τὰ
1360 818 1631 907 συνήθη
1668 817 2021 908 γυμνάσια,
2062 828 2311 909 προελ-

397 925 614 998 θόντα
668 925 781 994 καὶ
833 919 1185 1004 ἐπιστάντα
1244 920 1473 1003 αὐτοῖς
1530 920 1652 992 τὸν
1702 926 2119 1011 Μαξιμῖνον,
2178 933 2311 992 εἴτε

397 1026 772 1118 ἀγνοοῦντα
791 1017 866 1096 τὸ
893 1025 1349 1114 πραττόμενον
1378 1033 1509 1094 εἴτε
1535 1028 1649 1096 καὶ
1666 1025 1889 1118 λάθρᾳ
1914 1033 2114 1097 τοῦτο
2138 1053 2311 1116 προ-

403 1128 1020 1214 κατασκευάσαντα,
1075 1127 1441 1220 πορφύραν
1490 1129 1917 1218 ἐπιβαλόντες
1957 1129 2311 1218 βασιλικὴν

342 1240 377 1294 6
405 1233 860 1323 αὐτοκράτορα
909 1227 1462 1320 ἀναγορεύουσιν.
1566 1227 1606 1300 ὃ
1662 1231 1738 1300 δὲ
1780 1229 1859 1302 τὰ
1912 1232 2035 1321 μὲν
2078 1239 2309 1321 πρῶτα
2338 1265 2375 1303 ιο

403 1352 758 1429 παρῃτεῖτο
783 1337 896 1405 καὶ
921 1332 1044 1422 τὴν
1081 1332 1448 1424 πορφύραν
1480 1330 1899 1426 ἀπερρίπτει·
1942 1331 2031 1416 ὥς
2060 1336 2138 1405 δὲ
2164 1339 2309 1406 ἐνέ-

403 1467 626 1512 κειντο
653 1437 954 1527 ξιφήρεις
979 1433 1373 1508 ἀποκτενεῖν
1400 1434 1861 1524 ἀπειλοῦντες,
1906 1445 2027 1508 τοῦ
2055 1439 2307 1527 παρόν-

402 1572 514 1626 τος
551 1541 880 1630 κινδύνου
923 1539 997 1610 τό
1037 1543 1285 1629 μέλλον
1321 1540 1767 1631 προελόμενος
1802 1538 2156 1624 ἀνεδέξατο
2189 1541 2307 1629 τὴν
2406 1633 2408 1636 ⁴

402 1646 634 1736 τιμήν,
661 1644 978 1725 πολλάκις
1003 1641 1188 1736 αὐτῷ
1216 1643 1579 1732 πρότερον,
1624 1639 1713 1724 ὥς
1744 1651 1963 1734 ἔλεγε,
1997 1652 2309 1734 χρησμῶν
2406 1715 2408 1738 Ι

401 1753 516 1822 καὶ
539 1746 906 1838 ὀνειράτων
935 1745 1056 1835 τὴν
1071 1747 1406 1835 τοσαύτην
1430 1746 1639 1835 τύχην
1664 1748 2185 1838 προειρηκότων,
2218 1755 2307 1818 εἰ·
2336 1776 2373 1814 15

403 1852 554 1924 πων
581 1851 745 1942 πρὸς
777 1850 937 1932 τούς
978 1849 1378 1938 στρατιώτας
1406 1846 1509 1920 ὅτι
1538 1847 1721 1920 ἄκων
1745 1851 1869 1938 μὲν
1892 1853 2007 1922 καὶ
2046 1848 2133 1920 οῦ
2161 1858 2308 1940 βου-

405 1957 682 2046 λόμενος
719 1951 1142 2042 ἀναδέχεται,
1183 1953 1585 2041 πειθόμενος
1622 1959 1703 2042 τῇ
1745 1957 2023 2024 ἐκείνων
2063 1954 2307 2043 βουλή-

339 2072 372 2126 7
407 2084 544 2147 σει,
585 2060 1028 2147 παραγγέλλει
1065 2053 1132 2126 δ’
1183 2055 1413 2138 αὐτοῖς
1454 2063 1629 2148 ἔργῳ
1674 2064 2039 2146 βεβαιῶσαι
2076 2055 2167 2128 τὰ
2198 2057 2307 2127 δό-

409 2167 610 2246 ξαντα
639 2159 1012 2250 ἀραμένους
1037 2186 1108 2230 τε
1132 2158 1216 2230 τά
1255 2156 1429 2231 ὅπλα
1470 2159 1791 2230 σπεύδειν
1828 2163 2180 2248 ἐπιστῆναι
2224 2167 2307 2252 τῷ
2404 2157 2406 2164 ’

402 2262 812 2353 Ἀλεξάνδρῳ
851 2259 1241 2352 ἀγνοοῦντι,
1291 2254 1415 2350 τὴν
1464 2262 1695 2353 φήμην
1746 2263 2177 2352 φθάσαντας,
2217 2259 2300 2332 ἵν’
2329 2296 2371 2335 w

409 2365 845 2455 ἐκπλήξαντες
894 2363 1050 2446 τοὺς
1100 2363 1427 2446 συνόντας
1464 2369 1699 2460 ἐκείνω
1750 2365 2156 2457 στρατιώτας
2206 2367 2311 2436 καὶ

413 2467 757 2560 φρουροὺς
784 2474 902 2537 τοῦ
931 2467 1227 2556 σώματος
1266 2463 1311 2555 ’ἢ
1350 2474 1651 2538 πείσαιεν
1688 2465 2245 2558 ὁμογνωμονῆσαι
2272 2463 2309 2556 ἦ

411 2577 620 2665 ῥᾷστα
647 2571 988 2660 βιάσαιντο
1019 2567 1528 2658 ἀπαρασκεύους
1554 2578 1649 2664 τῷ
1672 2572 1885 2660 μηδὲν
1914 2578 2309 2662 προσδοκᾶν.

349 2702 386 2756 8
415 2673 504 2758 ὡς
529 2671 594 2746 δ’
627 2670 875 2754 αὐτοῦς
901 2676 967 2755 ἐς
995 2669 1270 2746 εὔνοιαν
1310 2676 1425 2746 καὶ
1462 2681 1851 2762 προθυμίαν
1888 2675 2071 2746 πάνυ
2110 2702 2311 2764 προε-
2402 2679 2405 2816 Ι

410 2781 766 2866 καλέσατο,
805 2774 888 2848 τά
925 2804 997 2846 τε
1036 2779 1376 2869 σιτηρέσια
1415 2781 1961 2870 ἐπεδιπλασίασε,
1998 2779 2209 2867 νομάς
2245 2805 2309 2847 τε
2334 2803 2373 2844 25

411 2885 526 2954 καὶ
552 2882 772 2964 δόσεις
795 2887 1104 2970 μεγίστας
1129 2877 1482 2970 ὑπέσχετο,
1510 2888 1827 2970 τιμωρίας
1864 2909 1935 2952 τε
1974 2883 2087 2950 καὶ
2124 2890 2309 2970 κηλῖ-

413 2993 534 3068 δας
558 2985 772 3066 πάσας
797 2980 1024 3063 αὐτοῖς
1051 2980 1332 3072 ἀνῆκεν,
1366 2987 1481 3054 ἐπί
1516 3011 1587 3053 τε
1626 2983 1749 3072 τὴν
1774 2991 2053 3072 πορείαν
2080 2983 2309 3072 ἐξήγα-
2400 3069 2402 3080 Ι

417 3116 534 3178 γεν
553 3111 568 3125 ·
603 3085 687 3158 οῦ
717 3086 888 3158 πολὺ
915 3082 978 3155 δ’
1011 3082 1399 3175 ἀφειστήκει
1426 3083 1500 3156 τὸ
1527 3095 1775 3178 χωρίον
1816 3094 1989 3157 ἔνθα
2026 3084 2306 3174 ἐσκήνου

413 3190 450 3260 ὁ
478 3189 904 3284 Ἀλέξανδρος
929 3189 1043 3258 καὶ
1069 3193 1138 3258 οἰ
1167 3187 1299 3258 σὺν
1336 3185 1539 3282 αὐτῷ.
2400 3219 2402 3273 5

349 3305 388 3364 9
621 3289 710 3373 ὥς
737 3289 804 3360 δ’
841 3287 1178 3378 ἀπηγγέλη
1205 3287 1287 3360 τὰ
1313 3292 1469 3381 περὶ
1491 3298 1611 3362 τοῦ
1639 3295 2047 3380 Μαξιμίνου,
2074 3286 2113 3360 ὁ
2132 3287 2306 3359 Ἀλέ-
2336 3313 2377 3353 ³⁰

419 3397 700 3482 ξανδρος
727 3396 800 3462 ἐν
825 3399 1099 3481 μεγίστῃ
1133 3398 1381 3482 ταραχῇ
1422 3393 1777 3481 γενόμενος
1812 3395 1927 3464 καὶ
1966 3398 2056 3484 τῷ
2096 3417 2307 3479 παρα-

421 3494 592 3584 δόξῳ
617 3501 732 3580 τῆς
759 3491 1067 3580 ἀγγελίας
1093 3497 1475 3583 ἐκπλαγείς,
1518 3495 1943 3586 προπηδήσας
1980 3501 2094 3582 τῆς
2121 3502 2311 3584 βασι-
