2475 3859
975 150 1403 212 EBAOMON
2026 144 2143 211 183

231 333 378 405 χαῖς
404 317 792 408 γενόμενος,
819 326 934 408 τῆς
959 347 1032 390 τε
1065 315 1405 409 Ῥωμαίων
1430 318 1685 400 πόλεως
1712 325 1995 416 ἔπαρχος
2018 348 2145 392 κα·-

231 419 472 502 ταστάς
498 417 1003 512 ἄνεπιστρόφως
1025 451 1100 494 τε
1125 420 1349 548 αρῇις,
1376 426 1490 494 καὶ
1510 426 1585 493 ἐν
1610 419 1943 512 ὑπολήψει
1962 424 2144 515 παρὰ

231 539 375 604 τοῖς
400 521 620 612 οχλοις
645 552 920 613 φρενων
943 554 1016 596 τε
1041 528 1154 596 καὶ
1181 523 1521 615 ἀγχινοίας
1544 527 1657 596 καὶ
1685 532 1842 613 βίου
1868 528 2141 617 σῶφρον

231 654 372 714 νος,
393 624 432 696 ὃ
457 629 534 698 δὲ
557 637 885 716 Βαλβῖνος
911 629 1269 718 γενόμενος
1286 628 1409 719 μὲν
1438 627 1859 720 εὐπατρίδης,
1886 633 1953 710 ἐς
1980 635 2143 702 δευ-

169 764 200 804 5
236 733 440 818 τέραν
491 732 568 802 δὲ
605 728 930 802 ὑπατείαν
965 731 1299 820 ἐληλακως
1351 735 1579 803 ἐθνῶν
1616 759 1689 802 τε
1730 728 2142 822 ἡγησάμενος

231 829 620 922 ἀμέμπτως,
645 831 722 904 τὸ
749 831 816 904 δ’
847 826 1018 923 ἦθος
1057 831 1526 925 ἁπλούστερος.
1626 841 1743 924 τῆς
1766 827 1895 907 οὖν
1920 863 2139 926 χειρο-
2174 853 2208 906 5

231 944 458 1018 τονίας
485 941 783 1018 ἐκείνους
807 934 1212 1026 ἆνειπούσης
1235 945 1552 1028 σεβαστοί
1573 965 1645 1009 τε
1672 935 2143 1029 ἀνηγορεύθη-

231 1063 396 1127 σαν,
426 1042 540 1110 καὶ
573 1037 811 1122 πάσαις
837 1057 980 1122 ταῖς
1016 1049 1390 1130 βασιλικαῖς
1432 1057 1649 1131 τιμαῖς
1690 1038 1733 1130 ἡ
1774 1042 2143 1131 σύγκλητος

233 1142 350 1214 διὰ
379 1142 702 1232 δόγματος
727 1140 978 1225 αὐτοὺς
1003 1145 1387 1234 ἐκόσμησεν.

149 1274 201 1315 ιο
437 1243 474 1317 ὁ
510 1246 586 1316 δὲ
617 1252 824 1335 δῆμος
863 1247 1122 1319 τούτων
1163 1252 1237 1318 ἐν
1276 1255 1369 1341 τῷ
1408 1255 1817 1341 Καπετωλίῳ
1854 1272 2142 1336 πραττο-

231 1351 494 1438 μένων,
537 1359 669 1420 εἴτε
707 1346 1186 1438 ὑποβαλόντων
1236 1358 1445 1422 τινῶν
1494 1356 1875 1443 Γορδιανοῦ
1918 1356 2141 1439 φίλων

231 1454 349 1522 καὶ
375 1459 644 1522 οἰκείων
675 1462 808 1522 εἴτε
844 1453 1118 1541 γνόντες
1151 1450 1287 1524 ὑπὸ
1322 1455 1577 1544 φήμης,
1616 1454 2170 1545 παρειστήκεσαν

232 1571 378 1636 ταῖς
403 1554 676 1644 πύλαις,
707 1555 1074 1643 φράξαντες
1099 1563 1321 1626 πᾶσαν
1346 1557 1471 1646 τὴν
1498 1561 1565 1637 ἐς
1604 1555 1677 1627 τὸ
1706 1555 2141 1628 Καπετώλιον

229 1655 482 1730 ἄνοδον
525 1664 616 1752 τῷ
663 1658 910 1747 πλήθει
951 1664 1088 1728 τῶν
1129 1655 1383 1747 ὄχλων,
1426 1667 1668 1739 λίθους
1704 1687 1775 1730 τε
1821 1659 1935 1728 καὶ
1974 1658 2142 1741 ξύλα

147 1789 198 1830 ιε
233 1763 640 1851 ἐπεφέροντο
653 1815 672 1850 ,
715 1758 1263 1849 ἅντιπράττοντες
1288 1779 1427 1848 τοῖς
1458 1759 1595 1833 ὑπὸ
1620 1769 1735 1850 τῆς
1764 1761 2141 1849 συγκλήτου

228 1867 740 1954 ἐψηφισμένοις,
768 1867 882 1935 καὶ
911 1861 1192 1953 μάλιστα
1217 1863 1336 1936 τὸν
1352 1866 1665 1954 Μάξιμον
1690 1861 2141 1955 παραιτούμε-

227 1994 341 2038 νοι
357 1990 372 2005 ·
402 1958 607 2056 (ἦρξέ
639 1995 710 2038 τε
735 1966 908 2058 γὰρ)
933 1968 1369 2058 στερρότερον
1403 1976 1521 2058 τῆς
1548 1968 1834 2055 πόλεως,
1864 1965 2039 2037 πολύ
2066 1993 2139 2034 τε
2165 1978 2198 2032 6

227 2067 306 2140 τὸ
347 2071 738 2159 ἐπιστρεφὲς
767 2077 914 2159 ἔσχε
948 2068 1116 2159 πρὸς
1143 2069 1303 2152 τοὺς
1341 2073 1647 2160 φαύλους
1682 2072 1795 2140 καὶ
1836 2069 2141 2156 κούφους

227 2179 368 2243 τῶν
395 2170 633 2261 ὄχλων.
691 2170 860 2244 ὅθεν
886 2173 1180 2254 δεδιότες
1205 2171 1664 2264 ἀπηρέσκοντο
1692 2170 1895 2266 αὐτῷ,
1926 2170 2141 2260 ἐβόων

137 2307 198 2348 2⁰
231 2302 306 2345 τε
333 2278 450 2346 καὶ
472 2273 798 2364 ἠπείλουν
823 2274 1216 2348 ἀποκτενεῖν
1258 2275 1507 2360 αύτούς
1524 2299 1537 2313 ·
1578 2273 1817 2366 ήξίουν
1856 2273 1987 2365 γὰρ
2016 2280 2139 2346 τοῦ

225 2385 610 2468 Γορδιανοῦ
635 2381 876 2468 γένους
899 2381 1174 2468 βασιλέα
1201 2385 1593 2471 αἱρεθῆναι,
1636 2379 1710 2449 τό
1747 2406 1818 2449 τε
1856 2386 1973 2466 τῆς
2012 2373 2143 2450 αὖ·-

225 2489 702 2572 τοκρατορικῆς
739 2477 949 2570 ὄνομα
989 2480 1193 2572 ἀρχῆς
1229 2487 1469 2577 ἐκείνω
1505 2490 1598 2576 τῷ
1637 2492 1801 2576 οἴκῳ
1837 2485 1950 2552 καὶ
1982 2477 2139 2552 ὀνό-

225 2613 385 2674 ματι
409 2601 650 2673 μεῖναι.
751 2582 788 2655 ὁ
817 2587 894 2654 δὲ
921 2593 1249 2675 Βαλβῖνος
1274 2589 1387 2657 καὶ
1425 2587 1731 2674 Μάξιμος
1770 2589 1843 2655 ἐκ
1870 2592 1991 2655 τοῦ
2022 2589 2133 2654 ίπ*
2165 2597 2194 2650 7

226 2694 433 2758 πικοῦ
459 2687 784 2778 τάγματος
811 2686 968 2769 τοὺς
1005 2696 1277 2770 νεανίας
1314 2688 1599 2778 πάντας,
1638 2687 2041 2778 στρατιώτας
2068 2713 2141 2754 τε

137 2825 196 2868 25
228 2799 305 2862 οἳ
327 2794 402 2862 ἐν
431 2787 641 2882 Ῥώμη
683 2793 1054 2880 διέτριβον,
1095 2792 1609 2881 περιστήσαντες
1644 2793 1905 2870 ἑαυτοῖς
1943 2792 2141 2879 ξιφη-

227 2893 488 2983 φόρους
511 2903 876 2983 προελθεῖν
899 2903 1020 2966 τοῦ
1047 2902 1487 2966 Καπετωλίου
1512 2893 1872 2984 ἐβιάζοντο,
1900 2888 2034 2962 υπὸ
2062 2890 2140 2961 δὲ

227 2997 536 3086 πλήθους
551 3005 772 3068 λίθων
797 2999 912 3068 καὶ
937 2998 1158 3082 ξύλων
1175 2997 1651 3086 ἐκωλύθησαν,
1676 3002 1825 3066 ἔστε
1850 2993 1935 3084 δη
1964 3021 2137 3066 υπο-

227 3096 552 3190 βαλόντος
589 3099 772 3182 τινος
809 3097 1000 3170 αὐτοὶ
1039 3099 1158 3172 τὸν
1209 3106 1427 3190 δῆμον
1464 3104 1881 3190 ἐσοφίσαντο.
1946 3088 2035 3185 ἦν
2070 3125 2133 3166 τι

227 3208 506 3274 παιδίον
537 3204 784 3292 νήπιον
798 3255 819 3291 ,
847 3211 962 3292 τῆς
991 3209 1367 3294 Γορδιανοῦ
1396 3200 1733 3295 θυγατρὸς
1758 3205 2015 3289 τέκνον,
2044 3206 2137 3292 τῷ

137 3337 196 3380 an
231 3305 484 3399 πάππῳ
509 3303 886 3396 ὁμώνυμον.
987 3311 1367 3397 πέμψαντες
1392 3313 1628 3377 τοίνυν
1664 3312 1802 3376 τοῖν
1836 3327 1971 3374 συν
2006 3298 2133 3374 αὖ·-
2160 3323 2197 3376 8

227 3425 368 3490 τοῖς
405 3408 592 3491 τινας
628 3408 980 3480 κελεύουσι
1018 3408 1094 3480 τὸ
1129 3416 1405 3482 παιδίον
1440 3417 1865 3499 κομισθῆναι.
1952 3414 2023 3477 οἳ
2060 3405 2137 3476 δὲ

227 3507 542 3603 ευρόντες
567 3509 732 3584 αὐτὸ
758 3509 1028 3604 άθῦρον
1055 3523 1249 3604 οἴκοι,
1265 3511 1583 3606 αράμενοι
1611 3514 1721 3584 ἐπὶ
1744 3537 1881 3583 των
1912 3506 2133 3600 ω’μων,
