2475 3859
1003 183 1295 244 ΕΚΤΟΝ
1992 188 2110 248 147

185 366 328 445 λεῖ,
357 352 580 425 πᾶσάν
605 381 677 425 τε
705 348 828 443 τὴν
853 351 1325 445 ἀντικειμένην
1362 352 1645 447 ἤπειρον
1668 353 1969 451 Εὐρώπῃ
1996 365 2107 432 καὶ
2134 368 2169 421 2

185 460 676 548 διαιρουμένην
693 453 964 551 Αἰγαίςό
983 487 1054 529 τε
1081 461 1193 529 καὶ
1219 468 1313 553 τῷ
1342 467 1626 553 πορθμῷ
1653 468 1767 550 τῆς
1791 470 2113 554 Προπον-

183 570 395 649 τίδος,
419 558 647 631 Ἀσίαν
673 588 744 631 τε
776 569 998 631 πᾶσαν
1015 565 1439 652 καλουμένην
1464 562 1871 652 προγονικὸν
1897 574 2111 658 κτῆμα

184 664 564 756 ἡγούμενος
588 672 670 754 τῇ
708 672 996 755 Περσῶν
1039 663 1206 756 ἀρχῇ
1243 664 1745 754 ἀνακτήσασθαι
1772 668 2107 760 βούλεται,

117 792 146 834 s
184 770 473 860 φάσκων
499 766 627 838 ἀπὸ
657 768 892 858 Κύρου
910 774 1031 839 τοῦ
1060 770 1331 858 πρώτου
1356 767 1479 858 τὴν
1506 766 1717 860 ἀρχὴν
1744 774 1819 841 ἐκ
1842 773 2110 861 Μήδων

181 878 258 955 ἐς
282 875 548 960 Πέρσας
588 871 1113 959 μεταστήσαντος
1150 874 1343 961 μέχρι
1375 881 1677 962 Δαρείου
1716 882 1837 943 τοῦ
1873 885 2107 947 τελευ-

179 981 382 1048 ταίου
425 982 712 1065 Περσῶν
745 976 1100 1063 βασιλέως,
1143 967 1229 1046 οὗ
1268 973 1393 1065 τὴν
1434 972 1645 1065 ἀρχὴν
1677 974 2107 1069 Ἀλέξανδρος

177 1076 218 1150 ὅ
253 1076 597 1148 Μακεδών
615 1086 913 1165 καθεῖλε,
930 1078 1147 1148 πάντα
1172 1082 1399 1167 μέχρις
1432 1076 1682 1160 Ἰωνίας
1709 1083 1821 1149 καὶ
1848 1090 2105 1171 Καρίας

177 1179 321 1252 ὑπὸ
352 1180 716 1269 σατράπαις
739 1189 1100 1268 Περσικοῖς
1129 1188 1507 1274 διῳκῆσθαι
1525 1204 1539 1217 ·
1579 1182 1945 1272 προσήκειν
1974 1177 2103 1256 ούν

101 1314 146 1355 ιο
178 1282 371 1377 αύτῷ
412 1287 704 1372 Πέρσαις
746 1280 1261 1355 ἀνανεώσασθαι
1303 1293 1523 1357 πᾶσαν
1560 1282 1967 1378 ὁλόκληρον,
2013 1285 2101 1378 ἢν
2186 1364 2192 1368 ,

176 1388 514 1480 πρότερον
541 1394 754 1475 ἔσχον,
783 1384 1016 1476 ἀρχήν.

387 1498 662 1559 τοιαῦτα
689 1497 927 1560 τοίνυν
953 1489 1403 1578 δηλωσάντων
1438 1492 1552 1559 καὶ
1584 1493 2159 1578 έπιστειλάντωνζὸ

177 1600 320 1663 τῶν
348 1589 480 1663 ὑπὸ
521 1610 662 1674 ταῖς
691 1589 1040 1674 ἀνατολαῖς
1069 1589 1453 1683 ἡγεμόνων,
1494 1591 1662 1682 πρὸς
1698 1593 1821 1683 τὴν
1866 1602 2101 1684 αίφνί-

178 1704 337 1767 διον
373 1697 488 1765 καὶ
531 1692 689 1784 παρ’
732 1699 969 1766 ἐλπίδα
1014 1706 1459 1784 κομισθεῖσαν
1498 1692 1816 1784 ἀγγελίαν
1856 1696 1940 1767 ού
1978 1726 2101 1787 με-

101 1830 146 1871 15
179 1806 384 1891 τρίως
419 1796 456 1869 ὁ
493 1796 920 1887 Ἀλέξανδρος
961 1798 1331 1888 ἐταράχθη,
1372 1800 1485 1868 καὶ
1536 1797 1820 1886 μάλιστα
1866 1802 2099 1892 εἰρήνῃ

177 1907 254 1973 ἐκ
282 1908 548 1973 παίδων
576 1904 926 1991 ἐντραφεὶς
958 1904 1072 1972 καὶ
1101 1909 1180 1992 τῇ
1206 1898 1375 1971 κατὰ
1418 1898 1543 1989 τὴν
1571 1898 1770 1972 πόλιν
1808 1900 1914 1973 ἀεὶ
1939 1925 2098 1992 σχο-

175 2005 386 2087 λάσας
411 2013 653 2095 τρυφῇ.
709 2003 789 2074 τὰ
816 2005 942 2093 μὲν
969 1996 1096 2074 οὖν
1129 2012 1359 2093 πρῶτα
1387 2006 1613 2087 ἔδοξεν
1642 2002 1823 2098 αὐτῷ
1850 2035 2096 2077 κοινω-

175 2110 446 2202 σαμένῳ
471 2124 608 2188 τοῖς
638 2116 859 2197 φίλοις
885 2115 1247 2196 πρεσβείαν
1288 2108 1541 2197 πέμψαι
1580 2110 1693 2177 καὶ
1726 2108 1839 2179 διὰ
1877 2138 2093 2199 γραμ-

173 2212 406 2301 μάτων
441 2218 738 2281 κωλῦσαι
763 2210 888 2299 τὴν
916 2207 1132 2301 ὁρμὴν
1158 2212 1271 2280 καὶ
1300 2214 1535 2281 ἐλπίδα
1574 2218 1697 2298 τοῦι
1725 2213 2091 2304 βαρβάρου.

93 2340 144 2382 2⁰
174 2322 366 2404 ἔλεγε
405 2315 481 2383 δὲ
519 2312 600 2383 τὰ
641 2314 990 2404 γράμματα
1035 2321 1181 2384 δεῖν
1219 2318 1448 2403 μένειν
1487 2341 1559 2383 τε
1585 2311 1795 2385 αὐτὸν
1836 2321 1912 2387 ἐν
1949 2332 2086 2399 τοῖς
2113 2336 2149 2389 4

171 2426 312 2488 τῶν
360 2423 554 2487 ἰδίων
599 2414 781 2505 ὅροις
827 2419 940 2486 καὶ
978 2417 1068 2507 μὴ
1110 2434 1535 2506 καινοτομεῖν
1576 2419 1744 2507 μηδὲ
1783 2427 2091 2508 ματαίαις

169 2520 638 2610 αἰωρούμενον
669 2524 887 2590 ἐλπίσι
913 2524 1125 2609 μέγαν
1155 2525 1441 2611 ἐγείρειν
1468 2521 1791 2610 πόλεμον,
1824 2520 2088 2614 ἀγαπη-

167 2632 299 2705 τῶς
330 2652 402 2693 τε
431 2630 606 2711 ἔχειν
635 2625 916 2693 ἕκαστον
945 2621 1025 2692 τὰ
1052 2620 1265 2693 αὑτοῦ
1284 2647 1299 2661 ·
1328 2623 1642 2715 μηδὲγὰρ
1673 2622 1912 2713 ὁμοίαν
1939 2634 2087 2696 ἔσε-

167 2739 338 2797 σθαι
378 2727 593 2816 μάχην
635 2723 817 2819 αὐτῷ
864 2724 1031 2815 πρὸς
1067 2722 1425 2814 Ῥωμαίους
1476 2732 1628 2795 οἵαν
1681 2743 1864 2815 σχεῖν
1918 2728 2084 2819 πρὸς

89 2850 138 2893 2⁵
173 2829 332 2911 τοὺς
361 2835 787 2919 γειτνιῶντας
823 2832 936 2898 καὶ
971 2825 1357 2917 ὁμοφύλους
1393 2830 1796 2921 βαρβάρους.
1840 2826 2085 2920 ύπεμί*

165 2955 422 3023 μνησκε
453 2932 529 3002 δὲ
546 2930 626 3001 τά
651 2932 1000 3021 γράμματα
1027 2938 1164 3001 τῶν
1187 2959 1261 3001 τε
1288 2939 1410 3002 τοῦ
1437 2938 1789 3020 Σεβαστοῦ
1816 2936 2084 3003 καὶτῶν

173 3042 516 3128 Τραϊανοῦ
541 3042 842 3105 Λουκίου
881 3063 954 3105 τε
997 3037 1110 3104 καὶ
1135 3036 1450 3124 Σεεήρου
1482 3032 1628 3104 κατ’
1662 3032 1887 3105 αὐτῶν
1927 3064 2085 3126 τρο-

164 3148 412 3209 παίων.
477 3144 751 3207 τοιαῦτα
788 3140 912 3227 μὲν
952 3138 1038 3227 δή
1071 3166 1221 3208 τινα
1260 3135 1296 3208 ὁ
1332 3136 1761 3228 Ἀλέξανδρος
1794 3142 2083 3210 ἐπιστεί-

165 3251 286 3324 λας
315 3239 482 3335 ᾤετο
514 3248 774 3311 πείσειν
803 3237 848 3329 ἦ
876 3242 1202 3330 φοβήσειν
1228 3246 1294 3323 ἐς
1313 3238 1387 3311 τὸ
1409 3237 1759 3329 ἡσυχάζειν
1777 3240 1895 3312 τὸν
1912 3242 2083 3331 βάρ-

87 3372 136 3413 ³⁰
166 3354 414 3436 βαρον·
470 3339 509 3413 3
536 3342 602 3413 δ’
635 3341 838 3414 οὐδέν
867 3370 932 3413 τι
971 3352 1347 3436 φροντίζων
1382 3351 1518 3414 τῶν
1556 3347 2079 3434 ἐπεσταλμένων,
2107 3373 2141 3425 5

133 3446 398 3543 ,ὅπλοις
443 3443 592 3516 ἀλλ’
641 3443 724 3516 ού
769 3446 992 3535 λόγοις
1045 3447 1346 3536 οἰόμενος
1403 3454 1551 3518 δεῖν
1596 3445 1678 3517 τὰ
1731 3448 2082 3538 πράγματα

166 3558 610 3639 διοικεῖσθαι,
662 3551 950 3621 ἐνέκειτο
988 3546 1172 3641 ἄγων
1203 3552 1319 3623 καὶ
1362 3555 1594 3647 φέρων
1628 3549 1711 3622 τὰ
1742 3548 2081 3643 Ῥωμαίων

1642 3666 1770 3727 10*
