2475 3859
804 109 1238 169 TETAPTON
1422 199 1428 206 ,
1696 90 1715 101 ’
1855 107 1973 167 115

29 290 234 351 σιλεῖ
271 285 696 370 Παρθυαίων
749 274 1182 369 (Ἀρτάβανος
1221 276 1293 349 δ’
1340 268 1427 368 ἦν
1473 274 1687 369 ὄνομα
1738 276 1971 374 αὐτῷ),

31 387 300 474 πέμπει
329 411 400 453 τε
433 388 798 471 πρεσβείαν
835 385 948 453 καὶ
987 388 1173 473 δῶρα
1195 381 1413 472 πάσης
1452 378 1619 471 ὕλης
1646 412 1717 455 τε
1754 396 1969 455 πολυ-
2024 375 2029 382 ’

30 494 290 569 τελοῦς
315 488 429 558 καὶ
456 488 688 575 τέχνης
715 492 1037 575 ποικίλης.
1140 484 1222 556 τὰ
1262 486 1339 557 δὲ
1366 485 1715 576 γράμματα
1741 493 1969 576 ἔλεγεν
1994 502 2030 553 2

34 587 156 661 ὅτι
187 589 274 681 δὴ
302 590 616 679 βούλεται
641 586 1012 677 ἀγαγέσθαι
1041 584 1255 659 αὐτοῦ
1286 588 1409 681 τὴν
1435 592 1778 680 θυγατέρα
1803 590 1970 681 πρὸς

0 722 6 759 ·.
38 694 302 783 γάμον·
345 690 655 783 ἁρμόζειν
699 693 776 761 δὲ
829 689 1045 787 αὐτῷ,
1085 700 1353 781 βασιλεῖ
1385 720 1456 763 τε
1496 695 1609 763 καὶ
1648 697 1968 782 βασιλέως

35 803 204 889 υἱῷ,
249 794 340 886 μὴ
397 796 666 866 ἰδιώτου
703 794 883 876 τινὸς
920 797 1034 867 καὶ
1081 792 1394 878 εὐτελοῦς
1446 803 1724 891 γαμβρῷ
1776 800 1971 885 γενέ-

35 911 252 988 σθαι,
297 896 672 988 ἀγαγέσθαι
711 897 788 967 δὲ
828 903 1140 987 βασιλίδα
1173 928 1245 969 τε
1285 902 1398 969 καὶ
1436 900 1731 987 μεγάλου
1770 908 1965 989 βασι-

40 1006 220 1085 λέως
244 1004 606 1091 θυγατέρα.
661 1000 785 1071 δύο
813 1002 888 1071 δὲ
924 1001 1167 1083 ταύτας
1197 998 1400 1093 ἀρχὰς
1434 1002 1605 1073 εἶναι
1633 1010 1963 1091 μεγίστας,

41 1106 175 1194 τήν
212 1133 282 1175 τε
315 1102 652 1193 Ῥωμαίων
679 1107 792 1175 καὶ
829 1103 952 1194 τὴν
983 1113 1441 1195 Παρθυαίων·
1484 1101 1562 1187 ἃς
1600 1114 1965 1195 συναχθείη

0 1240 8 1275 ι
43 1232 172 1290 σας
229 1206 374 1280 κατ’
439 1212 827 1298 ἐπιγαμίαν,
882 1210 1112 1296 μηκέτι
1177 1216 1450 1303 ποταμῷ
1504 1210 1961 1300 διωρισμένας,

42 1320 216 1400 μίαν
241 1312 548 1400 ποιήσειν
575 1310 787 1401 ἀρχὴν
825 1308 1441 1429 ἀνανταγώνιστον·
1484 1340 1565 1382 τα
1605 1311 1733 1403 γὰρ
1766 1312 1963 1383 λοιπὰ
1991 1326 2027 1380 3

47 1422 226 1503 ἔθνη
252 1414 592 1505 βάρβαρα,
639 1436 762 1485 οσα
794 1398 907 1503 μὴ
924 1410 1058 1485 ὑπὸ
1097 1430 1241 1497 ταῖς
1278 1415 1535 1486 τούτων
1574 1423 1961 1505 βασιλείαις,

47 1515 356 1588 εύάλωτα
383 1524 656 1588 ἔσεσθαι
682 1515 942 1603 αὐτοῖς,
971 1516 1139 1587 κατὰ
1177 1525 1347 1607 ἔθνη
1374 1521 1486 1589 καὶ
1512 1548 1677 1589 κατα
1715 1519 1963 1607 συστή-

45 1649 224 1710 ματα
251 1618 599 1710 ἀρχόμενα.
659 1620 829 1691 εἶναι
877 1620 953 1691 δε
983 1616 1323 1709 Ῥωμαίοις
1358 1621 1484 1711 μὲν
1522 1620 1721 1707 πεζὸν
1756 1643 1961 1711 στρα-

0 1751 12 1789 ⁵
47 1723 171 1795 τὸν
199 1726 312 1795 καὶ
339 1722 459 1812 τὴν
489 1722 600 1793 διὰ
633 1723 936 1813 δοράτων
963 1723 1302 1811 συστάδην
1328 1724 1544 1813 μάχην
1570 1721 1959 1813 ἀνανταγώ-

45 1850 314 1913 νιστον,
341 1834 767 1914 Παρθυαίοις
793 1826 928 1897 δὲ”
897 1852 1102 1897 ιππον
1129 1855 1200 1897 τε
1235 1826 1491 1916 πολλὴν
1530 1829 1643 1897 καὶ
1681 1825 1805 1915 τὴν
1844 1827 1959 1897 διὰ

43 1931 260 2013 τόξων
315 1927 631 2017 εὔστοχον
673 1934 1039 2019 ἐμπειρίαν.
1124 1936 1332 1999 ταῦτα
1376 1929 1459 2020 δὴ
1512 1930 1953 2017 συνελθόντα,
1986 1944 2021 1997 4

46 2033 322 2103 πάντων
359 2060 429 2102 τε
483 2028 581 2113 οἷς
621 2034 906 2121 πόλεμος
947 2038 1401 2121 κατορθοῦται
1452 2031 1953 2121 συμπνεόντων,

47 2140 298 2228 ῥαδίως
323 2132 572 2217 αὐτους
588 2132 719 2261 ῥῷ
757 2138 858 2206 ἑνὶ
885 2135 1238 2223 διαδήματι
1278 2136 1701 2225 βασιλεύσειν
1744 2136 1956 2226 πάσης

0 2270 16 2307 ι
47 2242 465 2328 οἰκουμένης.
524 2238 606 2309 τά
634 2267 704 2309 τε
732 2266 865 2329 παρ
873 2234 1202 2319 ’ἐκείνοις
1237 2240 1543 2328 φυόμενα
1572 2235 1885 2329 ἀρώματα
1915 2234 1982 2328 ἢ

45 2343 522 2431 θαυμαζόμενα
539 2338 895 2432 υφάσματα
923 2336 966 2431 ἢ
991 2368 1170 2431 παρα
1187 2340 1524 2431 Ρωμαίοις
1549 2340 1953 2431 μεταλλευό-

46 2473 217 2535 μενα
268 2475 310 2533 η
365 2443 478 2515 διὰ
533 2447 770 2535 τέχνην
817 2444 1269 2533 ἐπαινούμενα
1318 2448 1549 2534 μηκέτι
1601 2445 1790 2535 μόλις
1840 2449 1955 2515 καὶ

45 2556 442 2633 σπανίζοντα
485 2546 912 2623 λανθάνοντά
950 2574 1020 2615 τε
1063 2546 1155 2616 δι’
1200 2549 1509 2637 ἐμπόρων
1547 2548 1951 2638 κομισθήσε-

47 2662 245 2738 σθαι,
274 2659 426 2741 μιᾶς
459 2650 532 2721 δὲ
551 2659 670 2739 γῆς
703 2648 906 2740 οὔσης
932 2652 1045 2719 καὶ
1069 2658 1222 2737 μιᾶς
1250 2654 1548 2733 ἐξουσίας
1574 2647 1813 2740 κοινὴν
1838 2654 1965 2737 καὶι

0 2788 18 2830 5
51 2752 396 2825 ἀκώλυτον
429 2750 828 2845 ἀμφοτέροις
854 2752 977 2843 τὴν
1005 2749 1377 2823 ἀπόλαυσιν
1412 2760 1703 2825 ἔσεσθαι.

248 2856 573 2953 τοιούτοις
599 2855 809 2929 αὐτοῦ
852 2854 1228 2947 γράμμασιν
1268 2854 1561 2945 ἐντυχών
1586 2853 1623 2926 ὁ
1654 2864 1944 2944 Παρθυ-
1975 2872 2009 2924 5

49 2976 192 3042 αἴος
227 2959 308 3031 τὰ
351 2960 476 3049 μὲν
511 2968 740 3051 πρῶτα
779 2958 1119 3046 ἀντέλεγε,
1161 2958 1442 3048 φάσκων
1480 2955 1605 3047 οὐχ
1642 2956 1950 3049 ἁρμόζειν

39 3060 330 3157 Ῥωμαίῳ
361 3063 575 3152 γάμον
599 3063 960 3154 βάρβαρον.
1017 3068 1167 3131 τίνα
1203 3059 1333 3150 γὰρ
1358 3069 1629 3133 ἔσεσθαι
1663 3083 1947 3150 συμφω-

49 3173 204 3235 νίαν
257 3170 332 3236 ἐν
383 3164 644 3254 αὐτοῖς,
699 3167 862 3257 μήτε
911 3171 1026 3253 τῆς
1073 3161 1380 3253 ἀλλήλων
1422 3171 1653 3254 φωνῆς
1689 3181 1946 3235 συνιεῖ-

0 3306 21 3346 0
50 3290 190 3358 σιν,
234 3276 308 3339 ἔν
352 3298 424 3339 τε
463 3275 684 3360 διαίτῃ
721 3272 834 3341 καὶ
871 3274 1080 3358 σκευῇ
1117 3271 1555 3359 διαφέρουσιν
1602 3265 1945 3355 ἀλλήλων;

53 3372 222 3443 εἶναι
249 3372 324 3443 δὲ
351 3371 529 3465 παρὰ
561 3369 896 3462 Ῥωμαίοις
927 3368 1327 3462 εὐπατρίδας
1362 3370 1669 3457 πολλούς,
1711 3361 1808 3441 ὦν
1844 3398 1946 3439 τι-

49 3474 164 3558 νὸς
193 3478 614 3560 ἐπιλέξασθαι
643 3473 902 3549 δύναιτ’
940 3471 1026 3545 ἂν
1067 3477 1430 3568 θυγατέρα,
1458 3475 1637 3565 παρά
1666 3500 1736 3544 τε
1764 3470 1946 3567 αὐτῷ

1541 3590 1577 3651 8
1597 3592 1632 3633 ηε
1736 3632 1743 3639 .
