2475 3859
868 126 1314 195 ΠΕΜΠΤΟΝ
1922 130 2041 191 143

102 307 414 378 τοπέδου
469 303 761 396 ἤγαγον,
829 298 947 377 τᾶν
1009 306 1134 394 μὲν
1189 302 1627 395 Ἀλέξανδρον
1680 298 2047 391 ὑπερφυῶς

99 408 491 500 ἠσπάζοντό
533 438 604 481 τε
630 412 744 480 καὶ
771 405 1145 498 εὐφήμουν,
1173 416 1267 503 τῷ
1296 409 1371 479 δὲ
1402 406 1777 499 Ἀντωνίνφ
1806 402 2043 495 ἀμελέ-

101 536 366 602 στερον
391 518 904 603 προσεφέροντο.
933 510 1046 601 ἐφ’
1083 508 1182 593 οἷς
1209 516 1463 593 ἐκεῖνος
1489 509 1902 602 ἀγανακτῶν,
1924 516 2037 583 καὶ
2066 531 2100 586 7

101 617 688 707 διανυκτερεύσας
739 621 814 687 ἐν
857 623 949 711 τῷ
990 621 1146 709 ἱερῷ
1182 623 1306 686 τοῦ
1346 618 1833 704 στρατοπέδου,
1864 616 2045 687 πάνυ

49 758 72 799 5
101 717 410 808 ἤσχαλλε
451 724 565 791 καὶ
609 736 746 802 τοῖς
789 718 1220 810 στρατιώταις
1264 716 1613 809 ὠργίζετο·ο
1664 722 1930 790 ἐκέλευέ
1966 746 2041 790 τε

99 820 280 904 τούς
310 824 744 913 παρασήμους
777 826 890 893 καὶ
917 820 1287 913 ὑπερφυῶς
1310 820 1431 892 τὸν
1457 821 1901 914 Ἁλέξανδρον
1922 820 2040 893 εὐ·-

103 924 558 1015 φημήσαντας
574 980 593 1015 ,
632 924 792 1007 τοὺς
829 927 905 996 δὲ
931 933 1189 1008 αἰτίους
1215 931 1431 1014 δῆθεν
1458 926 1749 1008 στάσεως
1775 928 1887 996 καὶ
1914 936 2045 997 θο-

103 1030 365 1119 ρύβου,
384 1030 972 1119 συλλαμβάνεσθαι
999 1026 1166 1118 πρὸς
1191 1036 1535 1118 τιμωρίαν.
1642 1035 1714 1101 οἰ
1735 1031 1810 1101 δὲ
1834 1051 2039 1122 στρα-
2067 1046 2105 1099 8

103 1139 356 1202 τιῶται
383 1135 492 1203 ἐπὶ
509 1134 722 1226 τούτῳ
739 1129 1338 1222 ἀγανακτήσαντες,
1368 1128 1582 1215 ἄλλως
1608 1133 1733 1222 μὲν
1759 1140 2041 1223 μισοῦν-

49 1274 66 1313 )
107 1264 232 1317 τες
287 1234 408 1305 τὸν
451 1233 852 1307 ’Λντωνϊνον
902 1238 1014 1305 καὶ
1077 1232 1667 1331 ἀποσκευάσασθαι
1728 1240 2045 1319 θέλοντες

103 1337 630 1427 ἀσχημονοῦντα
662 1340 972 1429 βασιλέα,
1006 1338 1154 1409 τότε
1202 1344 1244 1408 δ
1248 1340 1278 1407 ὲ
1324 1342 1439 1409 καὶ
1478 1356 1613 1421 τοῖς
1654 1349 2041 1430 συλλαμβα-

102 1444 434 1531 νομένοις
469 1443 840 1532 ἐπαμύνειν
886 1448 1034 1513 δεῖν
1079 1439 1485 1532 ἡγούμενοι,
1529 1441 1763 1534 καιρὸν
1810 1439 2041 1515 εὔκαι-

107 1573 248 1633 ρον
281 1546 396 1615 καὶ
429 1546 772 1637 πρόφασιν
809 1552 1078 1616 δικαίαν
1119 1552 1535 1635 νομίζοντες,
1569 1545 1689 1616 τὸν
1728 1547 1853 1634 μὲν
1885 1546 2041 1617 Ἀν-

103 1664 412 1719 τωνῐνον
449 1646 658 1720 αὐτόν
697 1676 770 1719 τε
805 1652 919 1719 καὶ
959 1648 1084 1737 τὴν
1123 1650 1375 1737 μητέρα
1412 1654 1745 1737 Σοαιμίδα
1787 1652 2039 1740 (παρῆν

49 1784 70 1823 5
107 1749 254 1841 γὰρ
297 1746 387 1833 ὥς
423 1752 710 1842 σεβαστή
762 1780 832 1823 τε
885 1755 998 1822 καὶ
1049 1750 1291 1840 μήτηρ)
1332 1748 1719 1840 ἀναιροῦσι,
1758 1754 1914 1835 τούς
1964 1780 2037 1822 τε

103 1856 276 1944 περὶ
319 1851 529 1925 αὐτὸν
565 1855 846 1943 πάντας,
881 1850 1027 1926 ὅσοι
1070 1860 1271 1924 ἔνδον
1300 1855 1821 1944 κατελήφθησαν
1858 1854 2037 1945 ὑπη-

105 1960 310 2048 ρέται
337 1986 408 2028 τε
433 1961 547 2030 καὶ
573 1960 892 2050 συνεργοὶ
931 1958 1218 2029 ἐδόκουν
1259 1955 1430 2027 εἶναι
1469 1965 1607 2028 τῶν
1646 1956 2034 2050 ἁμαρτημά-

103 2089 278 2131 των.
343 2059 424 2131 v&
449 2063 524 2131 δὲ
552 2061 824 2151 σώματα
851 2068 973 2132 τοῦ
999 2089 1072 2131 τε
1105 2057 1513 2131 Ἀντωνίνου
1540 2064 1654 2131 καὶ
1680 2069 1794 2151 τῆς
1820 2073 2033 2134 Σοαι-
2060 2078 2099 2133 9

105 2168 320 2253 μίδος
345 2167 726 2254 παρέδοσαν
752 2164 990 2255 σύρειν
1024 2192 1096 2235 τε
1123 2166 1236 2233 καὶ
1278 2166 1655 2255 ἐνυβρίζειν
1693 2182 1831 2249 τοῖς
1867 2173 2032 2254 βου-

54 2301 74 2340 u
111 2268 464 2356 λομένοις·
503 2265 674 2359 ἅπερ
717 2270 826 2339 ἐπὶ
858 2266 1032 2338 πολὺ
1070 2264 1184 2337 διὰ
1223 2266 1437 2355 πάσης
1462 2275 1577 2357 τῆς
1616 2268 1869 2352 πόλεως
1908 2292 2035 2340 συ-

105 2372 325 2458 ρέντα
359 2397 432 2440 τε
473 2372 586 2441 καὶ
623 2372 1016 2461 λωβηθέντα
1043 2374 1110 2452 ἐς
1141 2366 1297 2449 τούς
1336 2366 1605 2458 ὀχετοὺς
1644 2369 2035 2464 ἀπερρίφθη

103 2470 280 2553 τοὺς
309 2475 376 2554 ἐς
400 2472 519 2544 τὸν
546 2474 856 2566 Θύμβριν
880 2470 1176 2563 ποταμὸν
1204 2474 1495 2562 ῥέοντας.

320 2572 714 2660 Ἀντωνῖνος
739 2578 864 2668 μὲν
881 2566 1008 2647 οὖν
1035 2581 1102 2659 ἐς
1119 2579 1313 2646 ἕκτον
1338 2583 1483 2658 ἔτος
1508 2577 1743 2660 ἐλάσας
1768 2584 1883 2669 τῆς
1909 2586 2034 2667 βα-
2067 2594 2135 2646 10

103 2687 372 2760 σιλείας
409 2683 524 2750 καὶ
553 2681 962 2772 χρησάμενος
999 2687 1090 2773 τῷ
1129 2682 1589 2774 προειρημένῳ
1621 2689 1779 2774 βίῳ,
1822 2678 2035 2763 οὕτως

59 2818 72 2857 s
110 2781 261 2873 ἅμα
301 2789 383 2873 τῇ
423 2787 622 2874 μητρὶ
663 2788 1106 2872 κατέστρεψεν
1123 2804 1139 2819 ·
1179 2787 1250 2851 οἰ
1281 2782 1356 2851 δὲ
1395 2791 1786 2873 στρατιῶται
1828 2780 2030 2853 αὖτο-

101 2886 416 2977 κράτορα
442 2884 562 2956 τὸν
579 2884 1012 2977 Ἀλέξανδρον
1039 2883 1611 2974 ἆναγορευσαντες
1644 2888 1713 2967 ἐς
1736 2886 1817 2955 τὰ
1844 2894 1970 2975 βα-
1970 2950 2021 2977 m
1990 2900 2129 2981 ⁸3²3

103 2996 339 3061 σίλεια
367 2984 739 3082 ἀνήγαγον,
767 2995 1008 3081 κομιδῇ
1037 2991 1193 3059 νέον
1219 2989 1333 3057 καὶ
1359 2988 1541 3061 πάνυ
1566 2984 1701 3060 υπὸ
1728 2996 1808 3079 τῇ
1833 2992 2033 3080 μητρὶ

103 3095 234 3163 καὶ
269 3098 364 3184 τῇ
377 3093 607 3186 μάμμῃ
643 3092 1301 3182 παιδαγωγούμενον.
2079 3120 2083 3124 ·
