2475 3859
385 138 461 199 12
1157 142 1513 205 ΠΡΩΤΟΝ

379 320 604 386 ταῦθα
641 315 890 385 πάντα·
941 311 987 403 ῆ
1021 342 1094 385 τε
1131 322 1255 385 τοῦ
1292 314 1541 408 πατρὸς
1592 316 1814 406 μνήμη
1866 316 2147 389 αἰώνιόν
2186 338 2303 387 σοι

380 426 606 489 πίστιν
631 421 744 489 καὶ
773 416 1048 489 εὔνοιαν
1066 417 1244 509 παρὰ
1258 426 1395 489 τῶν
1412 418 1799 512 ἀρχομένων
1826 418 2299 511 ἐβεβαίωσεν.”

306 530 346 585 Δ7
578 521 856 593 τοιαῦτα
903 549 1057 592 τινα
1110 526 1176 603 ἐς
1226 521 1615 614 προτροπὴν
1664 526 1779 593 καὶ
1817 521 1943 613 τὴν
1994 522 2159 613 πρὸς
2208 523 2303 593 τὰ

376 634 722 716 κρείττονα
747 622 962 717 ὁρμὴν
995 621 1032 694 5
1058 625 1492 717 Πομπηιανὸς
1532 625 1743 697 εἰπων
1778 631 2085 718 διέτρεψε
2124 626 2305 717 πρὸς

377 727 606 817 ὀλίγον
631 726 708 799 τὸ
745 728 1124 819 μειράκιον·
1182 734 1523 811 αἰδεσθεὶς
1562 728 1689 821 γὰρ
1728 726 1765 801 5
1810 731 2165 820 Κόμμοδος
2202 730 2295 800 τὰ
2322 754 2347 793 5

377 835 730 921 λεχθέντα,
759 830 964 904 οὐδέν
988 861 1061 903 τε
1087 828 1297 915 οἶόςτε
1326 829 1421 905 ω”ν
1450 832 1739 923 εὐλόγως
1766 832 2298 925 ἀποκρίνασθαι,

375 933 531 1016 τούς
575 943 815 1024 φίλους
849 934 1315 1027 ἀπεπέμψατο,
1355 937 1571 1029 φήσας
1604 936 2077 1029 ἀκριβέστερον
2116 936 2292 1007 καθ’

313 1046 352 1102 8
377 1035 584 1110 αὑτὸν
610 1041 1090 1124 ἐπισκέψεσθαι
1115 1040 1189 1111 τὸ
1215 1044 1566 1133 πρακτέον.
1612 1045 2017 1131 ἐγκειμένων
2050 1041 2127 1112 δὲ
2152 1046 2301 1110 τῶν

375 1145 529 1233 περὶ
556 1140 764 1213 αὐτὸν
789 1144 1234 1235 θεραπόντων
1258 1143 1481 1216 οὐκέτι
1507 1147 1632 1235 μὲν
1670 1163 1807 1226 τοῖς
1833 1154 2055 1235 φίλοις
2082 1142 2295 1214 οὐδὲν

375 1246 804 1334 ἐκοινώσατο,
857 1250 1196 1339 ἐκπέμψας
1235 1250 1313 1319 δὲ
1360 1250 1742 1340 γράμματα,
1784 1253 1898 1319 καὶ
1942 1254 2295 1338 διανείμας
2336 1275 2368 1313 ιο

375 1346 475 1431 οἷς
513 1353 866 1439 ἐδοκίμασε
905 1358 1022 1440 τῆς
1065 1348 1273 1442 ὄχθης
1310 1358 1431 1423 τοῦ
1468 1351 1730 1446 Ἴστρου
1768 1352 1895 1443 τὴν
1938 1352 2291 1443 πρόνοιαν,

374 1456 742 1544 προστάξας
765 1482 838 1525 τε
865 1452 1092 1537 αὐτοῖς
1117 1453 1381 1544 ἀνέχειν
1406 1455 1521 1537 τὰς
1556 1464 1693 1526 τῶν
1734 1456 2097 1547 βαρβάρων
2136 1458 2286 1524 ἐπι-

374 1558 622 1683 δρομας
638 1611 658 1646 ,
687 1560 1078 1646 ἐπαγγέλλει
1115 1557 1243 1650 τὴν
1268 1564 1517 1643 ἔξοδον.
1582 1568 1652 1631 οἳ
1686 1560 1809 1649 μὲν
1834 1552 1960 1630 οὖν
1988 1557 2291 1654 διῴκουν

369 1686 454 1730 τα
480 1663 1045 1751 ἐγκεχειρισμένα·
1085 1669 1148 1731 οι
1139 1665 1290 1732 καὶ
1316 1692 1399 1734 ου
1425 1670 1649 1758 πολλῷ
1674 1662 1892 1757 χρόνω
1932 1670 2289 1741 πλείστους

370 1769 510 1834 τῶν
532 1764 896 1858 βαρβαρων
921 1762 1149 1847 ὅπλοις
1175 1740 1632 1858 ἐχειρώσαντό,
1650 1765 1807 1848 τοὺς
1834 1767 1909 1836 δὲ
1936 1768 2045 1836 ἐπὶ
2074 1756 2275 1855 μεγα-
2327 1778 2367 1817 ¹⁵

373 1876 518 1949 λαις
543 1868 938 1951 συνταξεσιν
965 1872 1031 1951 ἐς
1056 1869 1295 1958 φιλίαν
1320 1870 1751 1961 ἐπηγαγοντο,
1772 1875 1979 1963 ῥᾷστα
2006 1878 2279 1939 πείσαν-

309 1990 346 2045 9
372 1998 498 2051 τες.
555 2067 561 2072 .
605 1971 808 2062 φύσει
835 2000 962 2062 γαρ
982 1972 1056 2043 τό
1085 1974 1430 2065 βαρβαρον
1458 1974 1973 2063 φιλοχρήματον,
1994 1977 2107 2043 καὶ
2133 2000 2283 2041 κιν-

375 2073 608 2145 δύνων
631 2074 1324 2169 καταφρονήσαντεςῆ
1355 2074 1445 2147 δι’
1479 2080 1840 2167 ἐπιδρομῆς
1877 2079 1989 2145 καὶ
2028 2077 2281 2165 ἐφόδου

371 2176 448 2248 τὸ
471 2186 787 2267 χρειῶδες
815 2177 978 2267 πρὸς
1001 2177 1120 2252 τὸν
1146 2188 1301 2270 βίον
1327 2188 1704 2271 πορίζονται
1720 2231 1739 2265 ,
1766 2175 1808 2269 ἢ
1835 2180 2145 2268 μεγάλων
2167 2206 2279 2266 μι-

372 2286 568 2351 σθῶν
592 2280 714 2371 τὴν
743 2282 1018 2373 εἰρήνην
1042 2281 1780 2355 ἆντικαταλλάσσονται.
1834 2278 2005 2374 ἅπερ
2030 2280 2067 2353 5
2092 2282 2277 2370 Κόμ-
2313 2301 2363 2343 2⁰

373 2390 574 2473 μοδος
603 2385 832 2471 εἰδώς,
861 2389 974 2456 καὶ
1009 2384 1085 2459 τὸ
1125 2384 1490 2477 ἀμέριμνον
1531 2382 1942 2475 ὠνούμενος,
1984 2384 2283 2475 ἀφειδῶς

372 2514 445 2557 τε
473 2496 645 2577 ἔχων
669 2489 1056 2579 χρημάτων,
1086 2490 1304 2560 πάντα
1330 2493 1563 2560 ἐδίδου
1586 2487 1667 2560 τὰ
1694 2490 2075 2579 αἰτούμενα.

239 2668 248 2675 ,
314 2602 352 2659 7
575 2598 692 2681 τῆς
719 2594 795 2663 δὲ
823 2594 1056 2677 ἐξόδου
1082 2600 1596 2682 διαγγελθείσης
1610 2601 1871 2683 κίνησις
1896 2591 1979 2683 δὴ
2008 2599 2283 2683 μεγίστη

369 2697 862 2787 καταλαμβάνει
889 2694 964 2766 τὸ
992 2696 1467 2787 στρατόπεδον,
1497 2700 1609 2767 καὶ
1637 2697 1879 2777 πάντες
1904 2692 2085 2788 αὐτῷ
2112 2714 2277 2763 συν-

370 2808 700 2869 απελθεῖν
737 2797 1022 2890 ἤθελον,
1065 2795 1153 2879 ὡς
1179 2796 1625 2889 ἀπαλλαγεῖεν
1650 2800 1774 2889 μὲν
1798 2806 1913 2889 τῆς
1942 2802 2016 2868 ἐν
2040 2803 2120 2887 τῇ
2149 2823 2270 2867 πο-
2310 2820 2358 2861 25

367 2909 565 2993 λεμίᾳ
606 2907 985 2992 διατριβῆς,
1026 2898 1482 2975 ἀπολαύσειαν
1524 2904 1601 2973 δὲ
1636 2909 1753 2991 τῆς
1780 2906 1853 2972 ἐν
1878 2898 2085 2991 Ῥώμῃ
2113 2928 2271 2991 τρυ-

368 3010 520 3094 φῆς.
577 3002 808 3093 ἐπειδὴ
848 3004 924 3073 δὲ
953 3003 1443 3097 διεφοίτησενῆ
1473 3006 1659 3098 φήμη
1698 3004 1975 3094 ἄγγελοί
2000 3032 2075 3074 τε
2109 2996 2277 3095 ἧκον

365 3105 804 3197 κηρύττοντες
827 3103 952 3197 τὴν
976 3114 1098 3177 τοῦ
1134 3112 1459 3199 βασιλέως
1502 3109 1765 3200 ἄφιξιν,
1806 3104 2161 3199 ὑπερήσθη
2200 3132 2273 3175 τε

368 3206 406 3280 5
432 3206 785 3336 ,Ῥωμαίων
822 3215 1026 3298 δῆμος
1066 3214 1182 3282 καὶ
1233 3210 1517 3305 χρήστας
1559 3214 1735 3302 εἶχεν
1792 3216 2065 3293 ἐλπίδας
2114 3212 2273 3281 νέου

367 3309 852 3401 αὐτοκράτορος
873 3314 1212 3409 ἐπιδημία,
1229 3317 1598 3413 πατρςόζειν
1612 3314 1687 3387 τὸ
1702 3344 2053 3406 μειρακιον
2069 3310 2266 3404 ἡγού-
2311 3342 2361 3381 ³0

309 3441 344 3492 2
369 3440 577 3503 μενοι.
681 3410 933 3496 ἀνύσας
971 3419 1048 3489 δὲ
1081 3417 1208 3511 τὴν
1242 3418 1636 3511 ὁδοιπορίαν
1672 3417 1708 3491 5
1734 3422 2085 3511 Κόμμοδος
2110 3412 2269 3507 μετὰ

365 3519 679 3603 νεανικῆς
703 3524 1021 3611 σπουδῆς,
1039 3527 1153 3594 καὶ
1171 3522 1567 3618 διαδραμων
1588 3554 1705 3607 τας
1731 3528 1805 3598 ἐν
1831 3528 2008 3619 μέσῳ
2030 3521 2266 3603 πόλεις,
