2475 3859
369 146 488 209 146
851 166 864 178 ·
1187 144 1474 207 ΕΚΤΟΝ

308 343 344 397 9
575 314 862 408 ἠγάγετο
889 314 956 387 δ’
997 314 1180 410 αὐτῷ
1205 318 1321 385 καὶ
1350 331 1640 406 γυναῖκα
1664 320 1801 385 τῶν
1834 313 2281 405 εὐπατριδῶν,

2396 270 2409 385 4

368 418 456 510 ἢν
473 429 928 491 συνοικοῦσαν
953 420 1066 491 καὶ
1095 418 1543 508 ἀγαπωμένην
1571 417 1735 508 μετὰ
1760 426 1967 489 ταῦτα
1993 427 2130 489 τῶν
2158 428 2283 509 βα-
2406 462 2408 467 ·

367 531 636 595 σιλείων
666 528 966 607 ἐδίωξεν·
1009 522 1451 612 ἐνυβρίζουσά
1478 550 1549 593 τε
1577 524 1688 591 καὶ
1718 530 2073 611 βασίλισσα
2109 522 2281 592 εἶναι
2406 518 2408 545 ³

365 630 660 697 θέλουσα
685 627 888 715 μόνη,
919 626 1277 715 φθονοῦσά
1309 652 1381 695 τε
1407 633 1522 713 τῆς
1550 633 1999 717 προσηγορίας
2030 630 2277 715 ἐκείνῃ,

366 734 434 811 ἐς
457 736 780 799 τοσοῦτον
806 728 1276 819 προεχώρησεν
1314 723 1575 817 ὕβρεως
1600 724 1691 808 ὡς
1728 726 1849 798 τὸν
1889 732 2141 817 πατέρα
2166 736 2281 817 τῆς
2310 755 2337 792 5

367 833 606 922 κόρης,
637 838 853 903 καίτοι
897 828 1019 901 ὑπ’
1053 829 1494 920 Ἀλεξάνδρου
1522 838 1827 920 γαμβροῦ
1866 828 2056 913 ὄντος
2100 831 2284 901 πάνυ
2406 906 2408 911 .

364 936 770 1024 τιμώμενον,
801 934 890 1024 μὴ
921 937 1212 1024 φέροντα
1245 933 1369 1023 τὴν
1396 940 1772 1023 Μαμμαίαν
1798 938 2285 1024 ἐνυβρίζουσαν

368 1035 550 1131 αὐτῷ
579 1066 650 1109 τε
675 1041 788 1109 καὶ
813 1046 894 1130 τῇ
919 1039 1212 1127 θυγατρὶ
1248 1034 1488 1125 αὑτοῦ,
1520 1053 1768 1126 φυγεῖν
1792 1040 1859 1119 ἐς
1898 1036 1971 1106 τὸ
2000 1037 2285 1127 στρατό-

367 1148 608 1229 πεδον,
654 1149 746 1236 τῷ
773 1142 896 1230 μὲν
929 1139 1339 1233 Ἀλεξάνδρῳ
1368 1140 1562 1230 χάριν
1590 1140 1811 1210 εἰδότα
1844 1137 1954 1229 ἐφ’
2002 1136 2105 1221 οἷς
2146 1144 2281 1210 ἐτι-

371 1252 570 1332 μᾶτο,
599 1244 722 1333 τὴν
749 1245 825 1314 δὲ
851 1251 1226 1333 Μαμμαίαν
1256 1244 1653 1332 αἰτιώμενον
1679 1240 1790 1331 ἐφ’
1824 1239 1923 1323 οἷς
1951 1239 2275 1332 ὑβρίζετο.
2312 1264 2353 1301 ¹⁰

269 1364 338 1416 10
370 1350 592 1436 ἐκείνη
635 1348 710 1417 δὲ·
749 1344 1259 1437 ἀγανακτήσασα
1298 1344 1507 1416 αὐτόν
1545 1373 1617 1416 τε
1648 1344 2093 1436 ἀναιρεθῆναι
2134 1349 2281 1416 ἐκέ-

365 1460 598 1539 λευσε,
627 1452 741 1521 καὶ
767 1448 890 1541 τὴν
918 1450 1128 1540 κόρην
1157 1453 1605 1539 ἐκβληθεῖσαν
1637 1456 1775 1519 τῶν
1814 1456 2179 1538 βασιλείων
2215 1452 2281 1530 ἐς

363 1555 632 1644 Λιβύην
659 1553 1099 1644 ἐφυγάδευσε.
1145 1560 1354 1622 ταῦτα
1386 1553 1463 1622 δὲ
1502 1552 1855 1641 ἐπράττετο
1892 1549 2175 1634 ἅκοντός
2212 1580 2281 1621 τε

365 1660 478 1727 καὶ
505 1655 1042 1747 ἀναγκαζομένου
1059 1662 1182 1726 τοῦ
1213 1653 1655 1746 Ἀλεξάνδρου
1671 1677 1688 1692 ·
1718 1646 1879 1744 ἦρχε
1904 1654 2034 1744 γὰρ
2062 1653 2279 1726 αὐτοῦ

365 1764 479 1831 καὶ
505 1757 1056 1851 ὑπερβαλλόντως
1083 1756 1126 1847 ἡ
1151 1758 1365 1847 μήτηρ
1384 1811 1403 1847 ,
1432 1760 1544 1828 καὶ
1570 1764 1704 1829 πᾶν
1728 1756 1803 1828 τὸ
1830 1759 2280 1847 κελευόμενον
2310 1786 2349 1823 15

256 1858 268 1879 ¹
366 1870 620 1945 ἐκεῖνος
649 1867 876 1934 ἐποίει.
933 1870 1130 1933 τοῦτο
1159 1859 1224 1931 δ’
1260 1858 1345 1931 ἅν
1382 1889 1481 1943 τις
1520 1862 1728 1950 μόνον
1771 1868 1960 1949 ἔσχεν
2002 1865 2280 1951 ἐγκαλέ-

365 1991 477 2038 σαι
509 1964 726 2060 αὐτςό,
755 1964 859 2037 ὅτι
887 1966 972 2056 δὴ
1001 1962 1132 2035 ὑπὸ
1163 1972 1471 2055 περιττῆς
1500 1963 1864 2054 πραότητος
1888 1968 2001 2035 καὶ
2041 1971 2278 2046 αἰδοῦς

369 2079 677 2151 πλείονος
703 2065 747 2158 ἢ
770 2073 970 2161 ἐχρῆν
995 2076 1075 2159 τῇ
1105 2075 1343 2159 μητρί,
1388 2072 1463 2138 ἐν
1498 2062 1598 2148 οἷς
1636 2065 2063 2159 ἀπηρέσκετο,
2099 2065 2281 2158 ὅμως

368 2178 700 2243 ἐπείθετο.

312 2288 351 2346 2
572 2279 742 2345 ἐτῶν
774 2274 897 2363 μὲν
922 2264 1049 2345 οὖν
1075 2281 1500 2367 τρισκαίδεκα
1536 2268 1781 2361 οὕτως,
1824 2270 1984 2343 ὅσον
2011 2269 2117 2342 ἐπ’
2150 2269 2279 2342 αὖ-
2308 2296 2355 2335 2⁰

371 2384 462 2469 τῷ
479 2375 650 2465 ,τὴν
678 2384 1022 2465 βασιλείαν
1049 2375 1397 2466 ἀμέμπτως
1432 2376 1749 2469 διῴκησε·
1790 2384 1884 2469 τῷ
1926 2377 2001 2445 δὲ
2038 2396 2279 2445 τεσσα-

375 2480 866 2573 ρεσκαιδεκατω
885 2486 1015 2550 ἔτει
1033 2485 1389 2569 αἰφνιδίως
1407 2484 1731 2569 ἐκομίσθη
1762 2506 2111 2568 γραμματα
2140 2486 2281 2548 τῶν

373 2581 540 2653 κατὰ
584 2591 852 2672 Συρίαν
902 2610 975 2653 τε
1019 2584 1132 2653 καὶ
1173 2590 1701 2709 Μεσοποταμίαν
1732 2579 2110 2672 ἡγεμόνων,
2153 2588 2277 2670 δη-

336 2684 729 2757 υολοῦντα”
689 2713 792 2756 οτι
826 2684 1306 2777 Ἀρταξέρξης“
1276 2716 1311 2757 ο
1337 2693 1623 2775 Περσων
1659 2683 1969 2775 βασιλεὺς
1995 2713 2162 2775 μετα
2202 2684 2273 2754 τὰ

277 2720 815 2882 Παρθυαίους
842 2799 1159 2859 καθελεῖν
1177 2794 1289 2859 καὶ
1308 2818 1422 2879 της
1448 2816 1615 2859 κατα
1641 2816 1765 2877 την
1792 2785 2123 2877 ἀνατολὴν
2148 2784 2270 2876 ἆρ-
2304 2816 2353 2856 25

371 2901 491 2982 χῆς
519 2899 932 2984 παραλῦσαι,
961 2890 1367 2982 Ἀρταβανόν
1393 2920 1465 2962 τε
1496 2890 1615 2962 τὸν
1655 2891 1983 2983 πρότερον
2022 2890 2271 2961 καλού-

371 3024 576 3084 μενον
607 2995 771 3080 [τὸν]
805 2998 1014 3086 μέγαν
1050 2999 1324 3086 βασιλέα
1360 2997 1472 3067 καὶ
1512 2997 1669 3065 δυσὶ
1702 2994 2058 3084 διαδήμασι
2097 2992 2271 3084 χριό-
2304 2988 2311 2991 ’

371 3128 580 3187 μενον
605 3097 1012 3188 ἀποκτεῖναι,
1033 3099 1248 3169 πάντα
1272 3126 1345 3168 τε
1366 3097 1449 3169 τὰ
1475 3105 1778 3189 περίοικα
1804 3096 2109 3188 βάρβαρα
2132 3124 2270 3185 χει-

375 3201 724 3291 ρώσασθαι
749 3203 861 3271 καὶ
893 3205 960 3282 ἐς
987 3202 1202 3291 φόρου
1229 3203 1617 3272 συντέλειαν
1644 3198 2130 3290 ὑπαγαγέσθαι,
2148 3195 2270 3286 οὐχ

374 3301 680 3392 ἡσυχάζει
721 3300 871 3374 οὐδ’
913 3302 1100 3384 ἐντὸς
1149 3310 1459 3391 Τίγριδος
1496 3310 1795 3392 ποταμοῦ
1798 3328 1822 3392 g
1843 3306 2060 3391 μένει,
2102 3293 2269 3371 ἀλλὰ
2296 3326 2349 3367 3⁰

375 3404 490 3485 τὰς
517 3403 724 3493 ὄχθας
751 3401 1182 3494 ὑπερβαίνων
1215 3407 1329 3474 καὶ
1368 3403 1525 3485 τούς
1562 3412 1677 3495 τῆς
1706 3402 2040 3493 Ῥωμαίων
2066 3403 2270 3493 ἀρχῆς

375 3502 575 3597 ὅρους
601 3515 1124 3597 Μεσοποταμίαν
1149 3534 1220 3577 τε
1248 3510 1627 3598 κατατρέχει
1654 3508 1767 3578 καὶ
1792 3508 2046 3599 Σύροις
2074 3503 2269 3577 ἄπει-
