<?xml version="1.0" encoding="UTF-8"?>
<!DOCTYPE html PUBLIC "-//W3C//DTD XHTML 1.0 Transitional//EN"
    "http://www.w3.org/TR/xhtml1/DTD/xhtml1-transitional.dtd">
<html xmlns="http://www.w3.org/1999/xhtml" xml:lang="en" lang="en">
 <head>
  <title>
</title>
<meta http-equiv="Content-Type" content="text/html;charset=utf-8" />
  <meta name='ocr-system' content='tesseract 3.04.00' />
  <meta name='ocr-capabilities' content='ocr_page ocr_carea ocr_par ocr_line ocrx_word'/>
</head>
<body>
  <div class='ocr_page' id='page_1' title='image "./herodianiabexce00bekkgoog_0054.png"; bbox 0 0 2475 3859; ppageno 0'>
   <div class='ocr_carea' id='block_1_1' title="bbox 418 94 1605 157">
    <p class='ocr_par' dir='ltr' id='par_1_1' title="bbox 418 94 1605 157">
     <span class='ocr_line' id='line_1_1' title="bbox 418 94 1605 157; baseline 0.001 0"><span class='ocrx_word' id='word_1_1' title='bbox 418 94 500 157; x_wconf 82' lang='lat'><strong><em>42</em></strong></span> <span class='ocrx_word' id='word_1_2' title='bbox 575 102 582 109; x_wconf 82' lang='lat'>&#39;</span> <span class='ocrx_word' id='word_1_3' title='bbox 1155 95 1605 157; x_wconf 83' lang='lat' dir='ltr'><em>AEYTEPON</em></span> 
     </span>
    </p>
   </div>
   <div class='ocr_carea' id='block_1_2' title="bbox 325 260 2432 3557">
    <p class='ocr_par' dir='ltr' id='par_1_2' title="bbox 359 260 2432 2216">
     <span class='ocr_line' id='line_1_2' title="bbox 419 260 2342 357; baseline -0.003 -18"><span class='ocrx_word' id='word_1_4' title='bbox 419 296 522 339; x_wconf 84' lang='grc' dir='ltr'><strong><em>νει</em></strong></span> <span class='ocrx_word' id='word_1_5' title='bbox 550 269 908 357; x_wconf 76' lang='grc' dir='ltr'><strong><em>ἐλευθερία</em></strong></span> <span class='ocrx_word' id='word_1_6' title='bbox 951 260 1038 347; x_wconf 76' lang='grc' dir='ltr'><strong><em>ὥς</em></strong></span> <span class='ocrx_word' id='word_1_7' title='bbox 1065 274 1271 335; x_wconf 79' lang='grc' dir='ltr'><strong><em>λυπεῖ</em></strong></span> <span class='ocrx_word' id='word_1_8' title='bbox 1304 272 1613 352; x_wconf 81' lang='grc' dir='ltr'><strong><em>δουλεία,</em></strong></span> <span class='ocrx_word' id='word_1_9' title='bbox 1654 262 1820 338; x_wconf 80' lang='grc' dir='ltr'><strong><em>οὐδέ</em></strong></span> <span class='ocrx_word' id='word_1_10' title='bbox 1852 292 1951 345; x_wconf 89' lang='grc' dir='ltr'><strong><em>τις</em></strong></span> <span class='ocrx_word' id='word_1_11' title='bbox 1992 260 2206 345; x_wconf 74' lang='grc' dir='ltr'><strong><em>ἀδεῶς</em></strong></span> <span class='ocrx_word' id='word_1_12' title='bbox 2252 262 2342 333; x_wconf 80' lang='grc' dir='ltr'><strong><em>τὰ</em></strong></span> 
     </span>
     <span class='ocr_line' id='line_1_3' title="bbox 420 366 2337 463; baseline -0.004 -18"><span class='ocrx_word' id='word_1_13' title='bbox 420 375 661 445; x_wconf 79' lang='grc' dir='ltr'><strong><em>ἑαυτοῦ</em></strong></span> <span class='ocrx_word' id='word_1_14' title='bbox 689 377 859 459; x_wconf 82' lang='grc' dir='ltr'><strong><em>ἔχων</em></strong></span> <span class='ocrx_word' id='word_1_15' title='bbox 897 372 972 439; x_wconf 77' lang='grc' dir='ltr'><strong><em>ἐν</em></strong></span> <span class='ocrx_word' id='word_1_16' title='bbox 999 368 1259 459; x_wconf 86' lang='grc' dir='ltr'><strong><em>χάριτος</em></strong></span> <span class='ocrx_word' id='word_1_17' title='bbox 1284 378 1483 463; x_wconf 75' lang='grc' dir='ltr'><strong><em>μοίρᾳ</em></strong></span> <span class='ocrx_word' id='word_1_18' title='bbox 1520 376 1819 455; x_wconf 79' lang='grc' dir='ltr'><strong><em>τίθεται,</em></strong></span> <span class='ocrx_word' id='word_1_19' title='bbox 1858 366 1941 439; x_wconf 73' lang='grc' dir='ltr'><strong><em>τὰ</em></strong></span> <span class='ocrx_word' id='word_1_20' title='bbox 1979 375 2117 439; x_wconf 78' lang='grc' dir='ltr'><strong><em>ἴδια</em></strong></span> <span class='ocrx_word' id='word_1_21' title='bbox 2154 396 2337 456; x_wconf 84' lang='grc' dir='ltr'><strong><em>καρ-</em></strong></span> 
     </span>
     <span class='ocr_line' id='line_1_4' title="bbox 420 468 2430 563; baseline -0.003 -16"><span class='ocrx_word' id='word_1_22' title='bbox 420 480 716 547; x_wconf 88' lang='grc' dir='ltr'><strong><em>ποῦσθαι</em></strong></span> <span class='ocrx_word' id='word_1_23' title='bbox 743 480 1061 561; x_wconf 75' lang='grc' dir='ltr'><strong><em>νομίζων,</em></strong></span> <span class='ocrx_word' id='word_1_24' title='bbox 1089 468 1126 541; x_wconf 82' lang='grc' dir='ltr'>ὁ</span> <span class='ocrx_word' id='word_1_25' title='bbox 1167 473 1244 542; x_wconf 73' lang='grc' dir='ltr'><strong><em>δὲ</em></strong></span> <span class='ocrx_word' id='word_1_26' title='bbox 1282 479 1419 543; x_wconf 71' lang='grc' dir='ltr'><strong><em>τῶν</em></strong></span> <span class='ocrx_word' id='word_1_27' title='bbox 1460 478 1729 545; x_wconf 77' lang='grc' dir='ltr'><strong><em>οἰκείων</em></strong></span> <span class='ocrx_word' id='word_1_28' title='bbox 1767 474 2116 563; x_wconf 76' lang='grc' dir='ltr'><strong><em>στερηθεὶς</em></strong></span> <span class='ocrx_word' id='word_1_29' title='bbox 2156 470 2338 541; x_wconf 69' lang='grc' dir='ltr'><strong><em>αἰεί·</em></strong></span> <span class='ocrx_word' id='word_1_30' title='bbox 2428 486 2430 489; x_wconf 67' lang='grc'><strong>“</strong></span> 
     </span>
     <span class='ocr_line' id='line_1_5' title="bbox 421 572 2340 666; baseline -0.003 -17"><span class='ocrx_word' id='word_1_31' title='bbox 421 607 570 649; x_wconf 91' lang='grc' dir='ltr'><strong><em>νιον</em></strong></span> <span class='ocrx_word' id='word_1_32' title='bbox 597 584 732 665; x_wconf 81' lang='grc' dir='ltr'><strong><em>ἔχει</em></strong></span> <span class='ocrx_word' id='word_1_33' title='bbox 767 574 892 664; x_wconf 79' lang='grc' dir='ltr'><strong><em>τὴν</em></strong></span> <span class='ocrx_word' id='word_1_34' title='bbox 931 576 1196 666; x_wconf 83' lang='grc' dir='ltr'><strong><em>μνήμην</em></strong></span> <span class='ocrx_word' id='word_1_35' title='bbox 1232 582 1356 647; x_wconf 85' lang='grc' dir='ltr'><strong><em>τοῦ</em></strong></span> <span class='ocrx_word' id='word_1_36' title='bbox 1392 574 1855 665; x_wconf 85' lang='grc' dir='ltr'><strong><em>λελυπηκότος.</em></strong></span> <span class='ocrx_word' id='word_1_37' title='bbox 1930 572 2078 647; x_wconf 80' lang='grc' dir='ltr'><strong><em>οὐδ’</em></strong></span> <span class='ocrx_word' id='word_1_38' title='bbox 2126 584 2195 645; x_wconf 75' lang='grc' dir='ltr'><strong><em>εἴ</em></strong></span> <span class='ocrx_word' id='word_1_39' title='bbox 2228 602 2340 655; x_wconf 83' lang='grc' dir='ltr'><strong><em>τις</em></strong></span> 
     </span>
     <span class='ocr_line' id='line_1_6' title="bbox 420 676 2389 770; baseline -0.004 -18"><span class='ocrx_word' id='word_1_40' title='bbox 420 685 489 763; x_wconf 79' lang='grc' dir='ltr'><strong><em>ἐς</em></strong></span> <span class='ocrx_word' id='word_1_41' title='bbox 511 678 588 751; x_wconf 85' lang='grc' dir='ltr'><strong><em>τὸ</em></strong></span> <span class='ocrx_word' id='word_1_42' title='bbox 613 677 843 749; x_wconf 83' lang='grc' dir='ltr'><strong><em>κοινὸν</em></strong></span> <span class='ocrx_word' id='word_1_43' title='bbox 869 677 1114 770; x_wconf 82' lang='grc' dir='ltr'><strong><em>χρηστὴ</em></strong></span> <span class='ocrx_word' id='word_1_44' title='bbox 1143 683 1403 765; x_wconf 83' lang='grc' dir='ltr'><strong><em>γένοιτο</em></strong></span> <span class='ocrx_word' id='word_1_45' title='bbox 1428 679 1779 769; x_wconf 84' lang='grc' dir='ltr'><strong><em>μεταβολή,</em></strong></span> <span class='ocrx_word' id='word_1_46' title='bbox 1804 676 2003 761; x_wconf 80' lang='grc' dir='ltr'><strong><em>αὐτός</em></strong></span> <span class='ocrx_word' id='word_1_47' title='bbox 2026 706 2091 749; x_wconf 91' lang='grc' dir='ltr'><strong><em>τι</em></strong></span> <span class='ocrx_word' id='word_1_48' title='bbox 2117 680 2341 748; x_wconf 81' lang='grc' dir='ltr'><strong><em>πλέον</em></strong></span> <span class='ocrx_word' id='word_1_49' title='bbox 2370 702 2389 742; x_wconf 80' lang='lat'>⁵</span> 
     </span>
     <span class='ocr_line' id='line_1_7' title="bbox 420 782 2430 873; baseline 0 -20"><span class='ocrx_word' id='word_1_50' title='bbox 420 789 848 873; x_wconf 76' lang='grc' dir='ltr'><strong><em>καρποῦσθαι</em></strong></span> <span class='ocrx_word' id='word_1_51' title='bbox 901 790 1185 872; x_wconf 80' lang='grc' dir='ltr'><strong><em>νομίζει,</em></strong></span> <span class='ocrx_word' id='word_1_52' title='bbox 1229 785 1375 853; x_wconf 80' lang='grc' dir='ltr'><strong><em>ἐπεὶ</em></strong></span> <span class='ocrx_word' id='word_1_53' title='bbox 1414 789 1536 855; x_wconf 89' lang='grc' dir='ltr'><strong><em>τοῦ</em></strong></span> <span class='ocrx_word' id='word_1_54' title='bbox 1573 782 1697 872; x_wconf 76' lang='grc' dir='ltr'><strong><em>μὲν</em></strong></span> <span class='ocrx_word' id='word_1_55' title='bbox 1740 786 2176 873; x_wconf 79' lang='grc' dir='ltr'><strong><em>δημωφελοῦς</em></strong></span> <span class='ocrx_word' id='word_1_56' title='bbox 2220 783 2345 849; x_wconf 84' lang='grc' dir='ltr'><strong><em>καὶ</em></strong></span> <span class='ocrx_word' id='word_1_57' title='bbox 2428 840 2430 853; x_wconf 91' lang='grc'>.</span> 
     </span>
     <span class='ocr_line' id='line_1_8' title="bbox 420 867 2432 979; baseline -0.002 -22"><span class='ocrx_word' id='word_1_58' title='bbox 420 891 613 976; x_wconf 80' lang='grc' dir='ltr'><strong><em>κοινῇ</em></strong></span> <span class='ocrx_word' id='word_1_59' title='bbox 643 888 1074 977; x_wconf 77' lang='grc' dir='ltr'><strong><em>διαφέροντος</em></strong></span> <span class='ocrx_word' id='word_1_60' title='bbox 1101 884 1294 975; x_wconf 82' lang='grc' dir='ltr'><strong><em>ὀλίγη</em></strong></span> <span class='ocrx_word' id='word_1_61' title='bbox 1320 902 1455 967; x_wconf 72' lang='grc' dir='ltr'><strong><em>τοῖς</em></strong></span> <span class='ocrx_word' id='word_1_62' title='bbox 1482 884 1646 957; x_wconf 86' lang='grc' dir='ltr'><strong><em>καθ’</em></strong></span> <span class='ocrx_word' id='word_1_63' title='bbox 1678 891 1798 959; x_wconf 80' lang='grc' dir='ltr'><strong><em>ἕνα</em></strong></span> <span class='ocrx_word' id='word_1_64' title='bbox 1826 894 2121 977; x_wconf 85' lang='grc' dir='ltr'><strong><em>φροντίς,</em></strong></span> <span class='ocrx_word' id='word_1_65' title='bbox 2148 882 2228 955; x_wconf 83' lang='grc' dir='ltr'><strong><em>τὸ</em></strong></span> <span class='ocrx_word' id='word_1_66' title='bbox 2262 884 2345 955; x_wconf 75' lang='grc' dir='ltr'><strong><em>δὲ</em></strong></span> <span class='ocrx_word' id='word_1_67' title='bbox 2428 867 2432 979; x_wconf 46' lang='grc' dir='ltr'><strong>ᾗ</strong></span> 
     </span>
     <span class='ocr_line' id='line_1_9' title="bbox 420 986 2343 1080; baseline -0.002 -19"><span class='ocrx_word' id='word_1_68' title='bbox 420 988 581 1061; x_wconf 81' lang='grc' dir='ltr'><strong><em>καθ’</em></strong></span> <span class='ocrx_word' id='word_1_69' title='bbox 629 986 837 1060; x_wconf 72' lang='grc' dir='ltr'><strong><em>αὑτὸν</em></strong></span> <span class='ocrx_word' id='word_1_70' title='bbox 877 994 1149 1071; x_wconf 78' lang='grc' dir='ltr'><strong><em>ἕκαστος</em></strong></span> <span class='ocrx_word' id='word_1_71' title='bbox 1189 996 1253 1060; x_wconf 84' lang='grc' dir='ltr'><strong><em>εἰ</em></strong></span> <span class='ocrx_word' id='word_1_72' title='bbox 1284 987 1375 1079; x_wconf 82' lang='grc' dir='ltr'><strong><em>μὴ</em></strong></span> <span class='ocrx_word' id='word_1_73' title='bbox 1416 987 1583 1059; x_wconf 77' lang='grc' dir='ltr'><strong><em>κατὰ</em></strong></span> <span class='ocrx_word' id='word_1_74' title='bbox 1620 989 1897 1079; x_wconf 68' lang='grc' dir='ltr'><strong><em>γνώμην</em></strong></span> <span class='ocrx_word' id='word_1_75' title='bbox 1935 996 2343 1080; x_wconf 78' lang='grc' dir='ltr'><strong><em>προχωροίη,</em></strong></span> 
     </span>
     <span class='ocr_line' id='line_1_10' title="bbox 359 1090 2430 1182; baseline -0.003 -16"><span class='ocrx_word' id='word_1_76' title='bbox 359 1113 393 1166; x_wconf 86' lang='grc'>9</span> <span class='ocrx_word' id='word_1_77' title='bbox 425 1090 628 1167; x_wconf 77' lang='grc' dir='ltr'><strong><em>οὐδέν</em></strong></span> <span class='ocrx_word' id='word_1_78' title='bbox 653 1122 715 1163; x_wconf 87' lang='grc' dir='ltr'><strong><em>τι</em></strong></span> <span class='ocrx_word' id='word_1_79' title='bbox 743 1096 908 1182; x_wconf 83' lang='grc' dir='ltr'><strong><em>μέγα</em></strong></span> <span class='ocrx_word' id='word_1_80' title='bbox 937 1090 1348 1182; x_wconf 75' lang='grc' dir='ltr'><strong><em>ὠφελεῖσθαι</em></strong></span> <span class='ocrx_word' id='word_1_81' title='bbox 1375 1102 1642 1182; x_wconf 76' lang='grc' dir='ltr'><strong><em>νομίζει.</em></strong></span> <span class='ocrx_word' id='word_1_82' title='bbox 1750 1099 1819 1164; x_wconf 82' lang='grc' dir='ltr'><strong><em>οἳ</em></strong></span> <span class='ocrx_word' id='word_1_83' title='bbox 1851 1120 1923 1163; x_wconf 87' lang='grc' dir='ltr'><strong><em>τε</em></strong></span> <span class='ocrx_word' id='word_1_84' title='bbox 1962 1093 2343 1181; x_wconf 75' lang='grc' dir='ltr'><strong><em>εἰθισμένοι</em></strong></span> <span class='ocrx_word' id='word_1_85' title='bbox 2426 1096 2430 1123; x_wconf 73' lang='lat'><em>³</em></span> 
     </span>
     <span class='ocr_line' id='line_1_11' title="bbox 421 1194 2405 1287; baseline -0.002 -18"><span class='ocrx_word' id='word_1_86' title='bbox 421 1214 565 1279; x_wconf 83' lang='grc' dir='ltr'><strong><em>ταῖς</em></strong></span> <span class='ocrx_word' id='word_1_87' title='bbox 591 1203 706 1285; x_wconf 79' lang='grc' dir='ltr'><strong><em>τῆς</em></strong></span> <span class='ocrx_word' id='word_1_88' title='bbox 731 1203 1130 1287; x_wconf 77' lang='grc' dir='ltr'><strong><em>τυραννίδος</em></strong></span> <span class='ocrx_word' id='word_1_89' title='bbox 1156 1194 1449 1287; x_wconf 74' lang='grc' dir='ltr'><strong><em>ἀκρίτοις</em></strong></span> <span class='ocrx_word' id='word_1_90' title='bbox 1475 1200 1585 1267; x_wconf 85' lang='grc' dir='ltr'><strong><em>καὶ</em></strong></span> <span class='ocrx_word' id='word_1_91' title='bbox 1612 1194 1919 1285; x_wconf 77' lang='grc' dir='ltr'><strong><em>ἀφειδέσι</em></strong></span> <span class='ocrx_word' id='word_1_92' title='bbox 1945 1200 2336 1285; x_wconf 83' lang='grc' dir='ltr'><strong><em>μεγαλοδω-</em></strong></span> <span class='ocrx_word' id='word_1_93' title='bbox 2372 1227 2405 1267; x_wconf 78' lang='grc' dir='ltr'><strong><em>ιο</em></strong></span> 
     </span>
     <span class='ocr_line' id='line_1_12' title="bbox 424 1297 2335 1394; baseline -0.002 -23"><span class='ocrx_word' id='word_1_94' title='bbox 424 1308 598 1394; x_wconf 87' lang='grc' dir='ltr'><strong><em>ρίαις</em></strong></span> <span class='ocrx_word' id='word_1_95' title='bbox 625 1303 969 1391; x_wconf 74' lang='grc' dir='ltr'><strong><em>ἐντρυφᾶν</em></strong></span> <span class='ocrx_word' id='word_1_96' title='bbox 1005 1297 1131 1388; x_wconf 82' lang='grc' dir='ltr'><strong><em>τὴν</em></strong></span> <span class='ocrx_word' id='word_1_97' title='bbox 1169 1304 1235 1383; x_wconf 79' lang='grc' dir='ltr'><strong><em>ἐς</em></strong></span> <span class='ocrx_word' id='word_1_98' title='bbox 1276 1299 1353 1371; x_wconf 81' lang='grc' dir='ltr'><strong><em>τὸ</em></strong></span> <span class='ocrx_word' id='word_1_99' title='bbox 1392 1302 1940 1391; x_wconf 82' lang='grc' dir='ltr'><strong><em>σωφρονέστερον</em></strong></span> <span class='ocrx_word' id='word_1_100' title='bbox 1978 1301 2090 1369; x_wconf 88' lang='grc' dir='ltr'><strong><em>καὶ</em></strong></span> <span class='ocrx_word' id='word_1_101' title='bbox 2128 1325 2335 1389; x_wconf 81' lang='grc' dir='ltr'><strong><em>μεμε-</em></strong></span> 
     </span>
     <span class='ocr_line' id='line_1_13' title="bbox 423 1400 2430 1495; baseline -0.001 -22"><span class='ocrx_word' id='word_1_102' title='bbox 423 1405 750 1495; x_wconf 84' lang='grc' dir='ltr'><strong><em>τρημένον</em></strong></span> <span class='ocrx_word' id='word_1_103' title='bbox 777 1401 890 1474; x_wconf 78' lang='grc' dir='ltr'><strong><em>διὰ</em></strong></span> <span class='ocrx_word' id='word_1_104' title='bbox 917 1403 1166 1473; x_wconf 77' lang='grc' dir='ltr'><strong><em>σπάνιν</em></strong></span> <span class='ocrx_word' id='word_1_105' title='bbox 1199 1403 1554 1494; x_wconf 87' lang='grc' dir='ltr'><strong><em>χρημάτων</em></strong></span> <span class='ocrx_word' id='word_1_106' title='bbox 1592 1400 1971 1493; x_wconf 81' lang='grc' dir='ltr'><strong><em>μεταβολὴν</em></strong></span> <span class='ocrx_word' id='word_1_107' title='bbox 2010 1400 2093 1475; x_wconf 85' lang='grc' dir='ltr'><strong><em>οῦ</em></strong></span> <span class='ocrx_word' id='word_1_108' title='bbox 2132 1410 2333 1491; x_wconf 84' lang='grc' dir='ltr'><strong><em>φιλο·</em></strong></span> <span class='ocrx_word' id='word_1_109' title='bbox 2428 1404 2430 1481; x_wconf 62' lang='lat' dir='ltr'>f</span> 
     </span>
     <span class='ocr_line' id='line_1_14' title="bbox 423 1503 2430 1597; baseline -0.001 -20"><span class='ocrx_word' id='word_1_110' title='bbox 423 1507 744 1596; x_wconf 70' lang='grc' dir='ltr'><strong><em>σώφρονα</em></strong></span> <span class='ocrx_word' id='word_1_111' title='bbox 781 1503 938 1577; x_wconf 75' lang='grc' dir='ltr'><strong><em>οὐδὲ</em></strong></span> <span class='ocrx_word' id='word_1_112' title='bbox 995 1506 1374 1597; x_wconf 82' lang='grc' dir='ltr'><strong><em>σύμμετρον</em></strong></span> <span class='ocrx_word' id='word_1_113' title='bbox 1414 1509 1526 1577; x_wconf 84' lang='grc' dir='ltr'><strong><em>καὶ</em></strong></span> <span class='ocrx_word' id='word_1_114' title='bbox 1565 1509 1966 1597; x_wconf 79' lang='grc' dir='ltr'><strong><em>κεκριμένην</em></strong></span> <span class='ocrx_word' id='word_1_115' title='bbox 2004 1511 2339 1593; x_wconf 88' lang='grc' dir='ltr'><strong><em>διοίκησιν</em></strong></span> <span class='ocrx_word' id='word_1_116' title='bbox 2428 1518 2430 1595; x_wconf 35' lang='lat' dir='ltr'><strong><em>g</em></strong></span> 
     </span>
     <span class='ocr_line' id='line_1_15' title="bbox 423 1607 2338 1702; baseline -0.002 -21"><span class='ocrx_word' id='word_1_117' title='bbox 423 1608 894 1699; x_wconf 78' lang='grc' dir='ltr'><strong><em>ὀνομάζουσιν,</em></strong></span> <span class='ocrx_word' id='word_1_118' title='bbox 932 1607 1102 1681; x_wconf 74' lang='grc' dir='ltr'><strong><em>ἀλλὰ</em></strong></span> <span class='ocrx_word' id='word_1_119' title='bbox 1144 1618 1579 1702; x_wconf 74' lang='grc' dir='ltr'><strong><em>μικρολογίαν</em></strong></span> <span class='ocrx_word' id='word_1_120' title='bbox 1619 1613 1732 1681; x_wconf 85' lang='grc' dir='ltr'><strong><em>καὶ</em></strong></span> <span class='ocrx_word' id='word_1_121' title='bbox 1774 1608 2135 1699; x_wconf 76' lang='grc' dir='ltr'><strong><em>ἀθλιότητα</em></strong></span> <span class='ocrx_word' id='word_1_122' title='bbox 2180 1616 2338 1697; x_wconf 89' lang='grc' dir='ltr'><strong><em>βίου</em></strong></span> 
     </span>
     <span class='ocr_line' id='line_1_16' title="bbox 423 1704 2430 1805; baseline -0.005 -18"><span class='ocrx_word' id='word_1_123' title='bbox 423 1712 897 1801; x_wconf 80' lang='grc' dir='ltr'><strong><em>ὀνειδίζουσιν,</em></strong></span> <span class='ocrx_word' id='word_1_124' title='bbox 927 1710 1050 1784; x_wconf 80' lang='grc' dir='ltr'><strong><em>οὐκ</em></strong></span> <span class='ocrx_word' id='word_1_125' title='bbox 1093 1714 1344 1795; x_wconf 79' lang='grc' dir='ltr'><strong><em>εἰδότες</em></strong></span> <span class='ocrx_word' id='word_1_126' title='bbox 1382 1710 1483 1785; x_wconf 82' lang='grc' dir='ltr'><strong><em>ὅτι</em></strong></span> <span class='ocrx_word' id='word_1_127' title='bbox 1529 1712 1605 1785; x_wconf 85' lang='grc' dir='ltr'><strong><em>τὸ</em></strong></span> <span class='ocrx_word' id='word_1_128' title='bbox 1645 1714 1769 1803; x_wconf 70' lang='grc' dir='ltr'><strong><em>μὲν</em></strong></span> <span class='ocrx_word' id='word_1_129' title='bbox 1808 1712 2059 1805; x_wconf 87' lang='grc' dir='ltr'><strong><em>μεγάλα</em></strong></span> <span class='ocrx_word' id='word_1_130' title='bbox 2097 1714 2213 1781; x_wconf 84' lang='grc' dir='ltr'><strong><em>καὶ</em></strong></span> <span class='ocrx_word' id='word_1_131' title='bbox 2250 1706 2336 1791; x_wconf 72' lang='grc' dir='ltr'><strong><em>ὥς</em></strong></span> <span class='ocrx_word' id='word_1_132' title='bbox 2368 1704 2430 1791; x_wconf 68' lang='grc' dir='ltr'><strong><em>1ῡὶ</em></strong></span> 
     </span>
     <span class='ocr_line' id='line_1_17' title="bbox 423 1810 2335 1908; baseline -0.003 -17"><span class='ocrx_word' id='word_1_133' title='bbox 423 1826 614 1906; x_wconf 77' lang='grc' dir='ltr'><strong><em>ἔτυχε</em></strong></span> <span class='ocrx_word' id='word_1_134' title='bbox 641 1824 1024 1907; x_wconf 89' lang='grc' dir='ltr'><strong><em>χαρίζεσθαι</em></strong></span> <span class='ocrx_word' id='word_1_135' title='bbox 1051 1815 1174 1889; x_wconf 81' lang='grc' dir='ltr'><strong><em>οὐκ</em></strong></span> <span class='ocrx_word' id='word_1_136' title='bbox 1214 1813 1299 1888; x_wconf 73' lang='grc' dir='ltr'><strong><em>ἄν</em></strong></span> <span class='ocrx_word' id='word_1_137' title='bbox 1326 1820 1741 1907; x_wconf 81' lang='grc' dir='ltr'><strong><em>περιγένοιτο</em></strong></span> <span class='ocrx_word' id='word_1_138' title='bbox 1769 1825 1831 1889; x_wconf 84' lang='grc' dir='ltr'><strong><em>εἰ</em></strong></span> <span class='ocrx_word' id='word_1_139' title='bbox 1852 1816 1941 1908; x_wconf 79' lang='grc' dir='ltr'><strong><em>μὴ</em></strong></span> <span class='ocrx_word' id='word_1_140' title='bbox 1968 1820 2041 1887; x_wconf 82' lang='grc' dir='ltr'><strong><em>ἐκ</em></strong></span> <span class='ocrx_word' id='word_1_141' title='bbox 2067 1821 2189 1887; x_wconf 86' lang='grc' dir='ltr'><strong><em>τοῦ</em></strong></span> <span class='ocrx_word' id='word_1_142' title='bbox 2216 1810 2335 1905; x_wconf 80' lang='grc' dir='ltr'><strong><em>ἆρ-</em></strong></span> 
     </span>
     <span class='ocr_line' id='line_1_18' title="bbox 423 1913 2332 2014; baseline -0.004 -19"><span class='ocrx_word' id='word_1_143' title='bbox 423 1922 652 2006; x_wconf 83' lang='grc' dir='ltr'><strong><em>πάζειν</em></strong></span> <span class='ocrx_word' id='word_1_144' title='bbox 679 1924 792 1991; x_wconf 84' lang='grc' dir='ltr'><strong><em>καὶ</em></strong></span> <span class='ocrx_word' id='word_1_145' title='bbox 819 1921 1202 2009; x_wconf 88' lang='grc' dir='ltr'><strong><em>βιάζεσθαι,</em></strong></span> <span class='ocrx_word' id='word_1_146' title='bbox 1246 1918 1321 1991; x_wconf 84' lang='grc' dir='ltr'><strong><em>τὸ</em></strong></span> <span class='ocrx_word' id='word_1_147' title='bbox 1350 1922 1425 1990; x_wconf 73' lang='grc' dir='ltr'><strong><em>δὲ</em></strong></span> <span class='ocrx_word' id='word_1_148' title='bbox 1450 1926 1743 2014; x_wconf 78' lang='grc' dir='ltr'><strong><em>λογισμῷ</em></strong></span> <span class='ocrx_word' id='word_1_149' title='bbox 1784 1921 2000 1993; x_wconf 88' lang='grc' dir='ltr'><strong><em>πάντα</em></strong></span> <span class='ocrx_word' id='word_1_150' title='bbox 2034 1921 2146 1989; x_wconf 84' lang='grc' dir='ltr'><strong><em>καὶ</em></strong></span> <span class='ocrx_word' id='word_1_151' title='bbox 2188 1913 2332 1988; x_wconf 86' lang='grc' dir='ltr'><strong><em>κατ’</em></strong></span> 
     </span>
     <span class='ocr_line' id='line_1_19' title="bbox 425 2017 2338 2114; baseline -0.003 -17"><span class='ocrx_word' id='word_1_152' title='bbox 425 2025 618 2109; x_wconf 77' lang='grc' dir='ltr'><strong><em>ἀξίαν</em></strong></span> <span class='ocrx_word' id='word_1_153' title='bbox 648 2024 926 2095; x_wconf 81' lang='grc' dir='ltr'><strong><em>ἑκάστου</em></strong></span> <span class='ocrx_word' id='word_1_154' title='bbox 953 2027 1185 2113; x_wconf 81' lang='grc' dir='ltr'><strong><em>νέμειν</em></strong></span> <span class='ocrx_word' id='word_1_155' title='bbox 1211 2022 1379 2093; x_wconf 80' lang='grc' dir='ltr'><strong><em>ὀὲνευ</em></strong></span> <span class='ocrx_word' id='word_1_156' title='bbox 1406 2030 1529 2094; x_wconf 85' lang='grc' dir='ltr'><strong><em>τοῦ</em></strong></span> <span class='ocrx_word' id='word_1_157' title='bbox 1556 2024 1783 2095; x_wconf 89' lang='grc' dir='ltr'><strong><em>δεινόν</em></strong></span> <span class='ocrx_word' id='word_1_158' title='bbox 1822 2053 1889 2095; x_wconf 87' lang='grc' dir='ltr'><strong><em>τι</em></strong></span> <span class='ocrx_word' id='word_1_159' title='bbox 1928 2029 2169 2114; x_wconf 77' lang='grc' dir='ltr'><strong><em>δρᾶσαι</em></strong></span> <span class='ocrx_word' id='word_1_160' title='bbox 2188 2074 2207 2109; x_wconf 93' lang='grc'><strong><em>,</em></strong></span> <span class='ocrx_word' id='word_1_161' title='bbox 2249 2017 2338 2111; x_wconf 79' lang='grc' dir='ltr'><strong><em>μὴ</em></strong></span> 
     </span>
     <span class='ocr_line' id='line_1_20' title="bbox 427 2121 2339 2216; baseline -0.003 -18"><span class='ocrx_word' id='word_1_162' title='bbox 427 2128 719 2215; x_wconf 80' lang='grc' dir='ltr'><strong><em>παρέχον</em></strong></span> <span class='ocrx_word' id='word_1_163' title='bbox 745 2124 981 2196; x_wconf 75' lang='grc' dir='ltr'><strong><em>ἄδικον</em></strong></span> <span class='ocrx_word' id='word_1_164' title='bbox 1010 2123 1335 2216; x_wconf 81' lang='grc' dir='ltr'><strong><em>εὐπορίαν</em></strong></span> <span class='ocrx_word' id='word_1_165' title='bbox 1361 2126 1748 2214; x_wconf 85' lang='grc' dir='ltr'><strong><em>χρημάτων,</em></strong></span> <span class='ocrx_word' id='word_1_166' title='bbox 1788 2126 2093 2199; x_wconf 75' lang='grc' dir='ltr'><strong><em>διδάσκει</em></strong></span> <span class='ocrx_word' id='word_1_167' title='bbox 2121 2121 2339 2215; x_wconf 67' lang='grc' dir='ltr'><strong><em>φειδῶ</em></strong></span> 
     </span>
    </p>

    <p class='ocr_par' dir='ltr' id='par_1_3' title="bbox 325 2223 2410 2732">
     <span class='ocr_line' id='line_1_21' title="bbox 325 2223 2410 2319; baseline -0.004 -16"><span class='ocrx_word' id='word_1_168' title='bbox 325 2250 396 2303; x_wconf 87' lang='grc'><strong><em>10</em></strong></span> <span class='ocrx_word' id='word_1_169' title='bbox 428 2231 749 2318; x_wconf 75' lang='grc' dir='ltr'><strong><em>σώφρονα</em></strong></span> <span class='ocrx_word' id='word_1_170' title='bbox 775 2234 910 2297; x_wconf 73' lang='grc' dir='ltr'><strong><em>τῶν</em></strong></span> <span class='ocrx_word' id='word_1_171' title='bbox 947 2234 1166 2309; x_wconf 76' lang='grc' dir='ltr'><strong><em>καλῶς</em></strong></span> <span class='ocrx_word' id='word_1_172' title='bbox 1204 2231 1690 2319; x_wconf 72' lang='grc' dir='ltr'><strong><em>πορισθέντων.</em></strong></span> <span class='ocrx_word' id='word_1_173' title='bbox 1795 2235 2004 2301; x_wconf 88' lang='grc' dir='ltr'><strong><em>ταῦτα</em></strong></span> <span class='ocrx_word' id='word_1_174' title='bbox 2042 2224 2125 2317; x_wconf 80' lang='grc' dir='ltr'><strong><em>δὴ</em></strong></span> <span class='ocrx_word' id='word_1_175' title='bbox 2164 2223 2341 2316; x_wconf 75' lang='grc' dir='ltr'><strong><em>ὑμᾶς</em></strong></span> <span class='ocrx_word' id='word_1_176' title='bbox 2367 2255 2410 2295; x_wconf 73' lang='grc' dir='ltr'><strong><em>κ</em></strong></span> 
     </span>
     <span class='ocr_line' id='line_1_22' title="bbox 428 2327 2343 2422; baseline -0.003 -17"><span class='ocrx_word' id='word_1_177' title='bbox 428 2330 799 2421; x_wconf 80' lang='grc' dir='ltr'><strong><em>ἐγνωκότας</em></strong></span> <span class='ocrx_word' id='word_1_178' title='bbox 849 2329 972 2421; x_wconf 79' lang='grc' dir='ltr'><strong><em>χρὴ</em></strong></span> <span class='ocrx_word' id='word_1_179' title='bbox 1015 2339 1491 2421; x_wconf 82' lang='grc' dir='ltr'><strong><em>συναίρεσθαι,</em></strong></span> <span class='ocrx_word' id='word_1_180' title='bbox 1532 2335 1644 2403; x_wconf 84' lang='grc' dir='ltr'><strong><em>καὶ</em></strong></span> <span class='ocrx_word' id='word_1_181' title='bbox 1686 2330 1921 2422; x_wconf 81' lang='grc' dir='ltr'><strong><em>κοινὴν</em></strong></span> <span class='ocrx_word' id='word_1_182' title='bbox 1970 2339 2085 2422; x_wconf 83' lang='grc' dir='ltr'><strong><em>τῆς</em></strong></span> <span class='ocrx_word' id='word_1_183' title='bbox 2136 2327 2343 2419; x_wconf 82' lang='grc' dir='ltr'><strong><em>ἀρχῆς</em></strong></span> 
     </span>
     <span class='ocr_line' id='line_1_23' title="bbox 425 2429 2343 2528; baseline -0.002 -22"><span class='ocrx_word' id='word_1_184' title='bbox 425 2434 548 2526; x_wconf 83' lang='grc' dir='ltr'><strong><em>τὴν</em></strong></span> <span class='ocrx_word' id='word_1_185' title='bbox 576 2440 910 2522; x_wconf 86' lang='grc' dir='ltr'><strong><em>διοίκησιν</em></strong></span> <span class='ocrx_word' id='word_1_186' title='bbox 935 2442 1352 2523; x_wconf 78' lang='grc' dir='ltr'><strong><em>νομίζοντας,</em></strong></span> <span class='ocrx_word' id='word_1_187' title='bbox 1397 2433 1911 2528; x_wconf 79' lang='grc' dir='ltr'><strong><em>ἀριστοκρατίαν</em></strong></span> <span class='ocrx_word' id='word_1_188' title='bbox 1946 2464 2020 2506; x_wconf 89' lang='grc' dir='ltr'><strong><em>τε</em></strong></span> <span class='ocrx_word' id='word_1_189' title='bbox 2063 2431 2211 2506; x_wconf 88' lang='grc' dir='ltr'><strong><em>ἀλλ’</em></strong></span> <span class='ocrx_word' id='word_1_190' title='bbox 2262 2429 2343 2504; x_wconf 81' lang='grc' dir='ltr'><strong><em>οὐ</em></strong></span> 
     </span>
     <span class='ocr_line' id='line_1_24' title="bbox 427 2533 2338 2628; baseline -0.003 -18"><span class='ocrx_word' id='word_1_191' title='bbox 427 2543 798 2628; x_wconf 76' lang='grc' dir='ltr'><strong><em>τυραννίδα</em></strong></span> <span class='ocrx_word' id='word_1_192' title='bbox 823 2533 1349 2627; x_wconf 77' lang='grc' dir='ltr'><strong><em>ὑπομενοῦντας,</em></strong></span> <span class='ocrx_word' id='word_1_193' title='bbox 1366 2536 1610 2621; x_wconf 80' lang='grc' dir='ltr'><strong><em>αὐτούς</em></strong></span> <span class='ocrx_word' id='word_1_194' title='bbox 1636 2567 1708 2610; x_wconf 90' lang='grc' dir='ltr'><strong><em>τε</em></strong></span> <span class='ocrx_word' id='word_1_195' title='bbox 1734 2536 1997 2628; x_wconf 79' lang='grc' dir='ltr'><strong><em>ἀγαθὰς</em></strong></span> <span class='ocrx_word' id='word_1_196' title='bbox 2026 2546 2202 2627; x_wconf 83' lang='grc' dir='ltr'><strong><em>ἔχειν</em></strong></span> <span class='ocrx_word' id='word_1_197' title='bbox 2232 2539 2338 2609; x_wconf 80' lang='grc' dir='ltr'><strong><em>ἐλ-</em></strong></span> 
     </span>
     <span class='ocr_line' id='line_1_25' title="bbox 429 2636 2339 2732; baseline -0.002 -18"><span class='ocrx_word' id='word_1_198' title='bbox 429 2649 628 2722; x_wconf 87' lang='grc' dir='ltr'><strong><em>πίδας</em></strong></span> <span class='ocrx_word' id='word_1_199' title='bbox 653 2643 765 2711; x_wconf 85' lang='grc' dir='ltr'><strong><em>καὶ</em></strong></span> <span class='ocrx_word' id='word_1_200' title='bbox 795 2646 952 2711; x_wconf 78' lang='grc' dir='ltr'><strong><em>πᾶσι</em></strong></span> <span class='ocrx_word' id='word_1_201' title='bbox 980 2656 1116 2721; x_wconf 78' lang='grc' dir='ltr'><strong><em>τοῖς</em></strong></span> <span class='ocrx_word' id='word_1_202' title='bbox 1151 2638 1535 2732; x_wconf 78' lang='grc' dir='ltr'><strong><em>ἀρχομένοις</em></strong></span> <span class='ocrx_word' id='word_1_203' title='bbox 1560 2649 1767 2713; x_wconf 87' lang='grc' dir='ltr'><strong><em>ταῦτα</em></strong></span> <span class='ocrx_word' id='word_1_204' title='bbox 1805 2636 2339 2730; x_wconf 81' lang='grc' dir='ltr'><strong><em>ῦπισχνεῐσθαι.”</em></strong></span> 
     </span>
    </p>

    <p class='ocr_par' dir='ltr' id='par_1_4' title="bbox 329 2739 2414 3350">
     <span class='ocr_line' id='line_1_26' title="bbox 329 2739 2411 2835; baseline 0.001 -22"><span class='ocrx_word' id='word_1_205' title='bbox 329 2771 392 2825; x_wconf 74' lang='lat' dir='ltr'>u</span> <span class='ocrx_word' id='word_1_206' title='bbox 632 2750 903 2815; x_wconf 88' lang='grc' dir='ltr'><strong><em>τοιαῦτα</em></strong></span> <span class='ocrx_word' id='word_1_207' title='bbox 929 2739 965 2814; x_wconf 85' lang='grc' dir='ltr'>ὁ</span> <span class='ocrx_word' id='word_1_208' title='bbox 992 2748 1324 2835; x_wconf 79' lang='grc' dir='ltr'><strong><em>Περτίναξ</em></strong></span> <span class='ocrx_word' id='word_1_209' title='bbox 1352 2745 1577 2817; x_wconf 71' lang='grc' dir='ltr'><strong><em>ιεἰπών</em></strong></span> <span class='ocrx_word' id='word_1_210' title='bbox 1602 2742 1901 2834; x_wconf 79' lang='grc' dir='ltr'><strong><em>ὑπερῆσέ</em></strong></span> <span class='ocrx_word' id='word_1_211' title='bbox 1921 2774 1993 2817; x_wconf 83' lang='grc' dir='ltr'><strong><em>τε</em></strong></span> <span class='ocrx_word' id='word_1_212' title='bbox 2020 2742 2144 2835; x_wconf 84' lang='grc' dir='ltr'><strong><em>τὴν</em></strong></span> <span class='ocrx_word' id='word_1_213' title='bbox 2170 2744 2335 2831; x_wconf 82' lang='grc' dir='ltr'><strong><em>σύγ·</em></strong></span> <span class='ocrx_word' id='word_1_214' title='bbox 2368 2773 2411 2815; x_wconf 63' lang='lat'><strong><em>2⁹»</em></strong></span> 
     </span>
     <span class='ocr_line' id='line_1_27' title="bbox 429 2846 2342 2940; baseline -0.002 -19"><span class='ocrx_word' id='word_1_215' title='bbox 429 2861 673 2940; x_wconf 87' lang='grc' dir='ltr'><strong><em>κλητον</em></strong></span> <span class='ocrx_word' id='word_1_216' title='bbox 700 2846 955 2937; x_wconf 90' lang='grc' dir='ltr'><strong><em>βουλήν</em></strong></span> <span class='ocrx_word' id='word_1_217' title='bbox 972 2899 991 2933; x_wconf 90' lang='grc'><strong><em>,</em></strong></span> <span class='ocrx_word' id='word_1_218' title='bbox 1019 2850 1132 2917; x_wconf 83' lang='grc' dir='ltr'><strong><em>καὶ</em></strong></span> <span class='ocrx_word' id='word_1_219' title='bbox 1159 2846 1324 2937; x_wconf 86' lang='grc' dir='ltr'><strong><em>πρὸς</em></strong></span> <span class='ocrx_word' id='word_1_220' title='bbox 1350 2848 1625 2921; x_wconf 87' lang='grc' dir='ltr'><strong><em>πάντων</em></strong></span> <span class='ocrx_word' id='word_1_221' title='bbox 1652 2846 2104 2939; x_wconf 79' lang='grc' dir='ltr'><strong><em>εὐφημηθείς,</em></strong></span> <span class='ocrx_word' id='word_1_222' title='bbox 2132 2846 2342 2936; x_wconf 89' lang='grc' dir='ltr'><strong><em>πάσης</em></strong></span> 
     </span>
     <span class='ocr_line' id='line_1_28' title="bbox 427 2949 2341 3041; baseline -0.003 -16"><span class='ocrx_word' id='word_1_223' title='bbox 427 2982 500 3025; x_wconf 85' lang='grc' dir='ltr'><strong><em>τε</em></strong></span> <span class='ocrx_word' id='word_1_224' title='bbox 527 2957 718 3040; x_wconf 81' lang='grc' dir='ltr'><strong><em>τιμῆς</em></strong></span> <span class='ocrx_word' id='word_1_225' title='bbox 749 2953 861 3021; x_wconf 85' lang='grc' dir='ltr'><strong><em>καὶ</em></strong></span> <span class='ocrx_word' id='word_1_226' title='bbox 887 2957 1122 3031; x_wconf 79' lang='grc' dir='ltr'><strong><em>αἰδοῦς</em></strong></span> <span class='ocrx_word' id='word_1_227' title='bbox 1150 2950 1311 3040; x_wconf 89' lang='grc' dir='ltr'><strong><em>παρ’</em></strong></span> <span class='ocrx_word' id='word_1_228' title='bbox 1345 2949 1571 3023; x_wconf 74' lang='grc' dir='ltr'><strong><em>αὐτῶν</em></strong></span> <span class='ocrx_word' id='word_1_229' title='bbox 1597 2951 1855 3041; x_wconf 71' lang='grc' dir='ltr'><strong><em>τυχών,</em></strong></span> <span class='ocrx_word' id='word_1_230' title='bbox 1884 2960 1952 3035; x_wconf 81' lang='grc' dir='ltr'><strong><em>ἔς</em></strong></span> <span class='ocrx_word' id='word_1_231' title='bbox 1978 2980 2049 3023; x_wconf 84' lang='grc' dir='ltr'><strong><em>τε</em></strong></span> <span class='ocrx_word' id='word_1_232' title='bbox 2077 2949 2197 3023; x_wconf 84' lang='grc' dir='ltr'><strong><em>τὸν</em></strong></span> <span class='ocrx_word' id='word_1_233' title='bbox 2221 2956 2341 3021; x_wconf 89' lang='grc' dir='ltr'><strong><em>τοῦ</em></strong></span> 
     </span>
     <span class='ocr_line' id='line_1_29' title="bbox 430 3050 2342 3144; baseline -0.003 -15"><span class='ocrx_word' id='word_1_234' title='bbox 430 3054 596 3134; x_wconf 83' lang='grc' dir='ltr'><strong><em>Διὸς</em></strong></span> <span class='ocrx_word' id='word_1_235' title='bbox 621 3052 800 3125; x_wconf 73' lang='grc' dir='ltr'><strong><em>νεών</em></strong></span> <span class='ocrx_word' id='word_1_236' title='bbox 827 3052 1046 3123; x_wconf 77' lang='grc' dir='ltr'><strong><em>καὶτὰ</em></strong></span> <span class='ocrx_word' id='word_1_237' title='bbox 1074 3054 1273 3125; x_wconf 79' lang='grc' dir='ltr'><strong><em>λοιπὰ</em></strong></span> <span class='ocrx_word' id='word_1_238' title='bbox 1313 3053 1459 3141; x_wconf 74' lang='grc' dir='ltr'><strong><em>ἱερὰ</em></strong></span> <span class='ocrx_word' id='word_1_239' title='bbox 1500 3063 1870 3144; x_wconf 89' lang='grc' dir='ltr'><strong><em>πεμφθείς,</em></strong></span> <span class='ocrx_word' id='word_1_240' title='bbox 1908 3056 2024 3137; x_wconf 90' lang='grc' dir='ltr'><strong><em>τάς</em></strong></span> <span class='ocrx_word' id='word_1_241' title='bbox 2062 3083 2132 3131; x_wconf 78' lang='grc' dir='ltr'><strong><em>τε</em></strong></span> <span class='ocrx_word' id='word_1_242' title='bbox 2170 3050 2342 3144; x_wconf 67' lang='grc' dir='ltr'><strong><em>’ὑπὲρ</em></strong></span> 
     </span>
     <span class='ocr_line' id='line_1_30' title="bbox 430 3156 2337 3249; baseline 0 -20"><span class='ocrx_word' id='word_1_243' title='bbox 430 3166 546 3249; x_wconf 84' lang='grc' dir='ltr'><strong><em>τῆς</em></strong></span> <span class='ocrx_word' id='word_1_244' title='bbox 588 3164 926 3245; x_wconf 86' lang='grc' dir='ltr'><strong><em>βασιλείας</em></strong></span> <span class='ocrx_word' id='word_1_245' title='bbox 966 3165 1212 3237; x_wconf 87' lang='grc' dir='ltr'><strong><em>θυσίας</em></strong></span> <span class='ocrx_word' id='word_1_246' title='bbox 1254 3160 1553 3244; x_wconf 80' lang='grc' dir='ltr'><strong><em>τελέσας,</em></strong></span> <span class='ocrx_word' id='word_1_247' title='bbox 1584 3161 1649 3238; x_wconf 80' lang='grc' dir='ltr'><strong><em>ἐς</em></strong></span> <span class='ocrx_word' id='word_1_248' title='bbox 1687 3156 1812 3249; x_wconf 83' lang='grc' dir='ltr'><strong><em>τὴν</em></strong></span> <span class='ocrx_word' id='word_1_249' title='bbox 1838 3167 2183 3249; x_wconf 83' lang='grc' dir='ltr'><strong><em>βασίλειον</em></strong></span> <span class='ocrx_word' id='word_1_250' title='bbox 2224 3162 2337 3229; x_wconf 79' lang='grc' dir='ltr'><strong><em>ἐπ-</em></strong></span> 
     </span>
     <span class='ocr_line' id='line_1_31' title="bbox 433 3257 2414 3350; baseline -0.003 -18"><span class='ocrx_word' id='word_1_251' title='bbox 433 3267 740 3350; x_wconf 82' lang='grc' dir='ltr'><strong><em>ανῆλθεν</em></strong></span> <span class='ocrx_word' id='word_1_252' title='bbox 763 3257 1001 3349; x_wconf 78' lang='grc' dir='ltr'><strong><em>αὐλήν.</em></strong></span> <span class='ocrx_word' id='word_1_253' title='bbox 2370 3294 2414 3336; x_wconf 75' lang='lat'><strong><em>³⁰</em></strong></span> 
     </span>
    </p>

    <p class='ocr_par' dir='ltr' id='par_1_5' title="bbox 366 3356 2340 3557">
     <span class='ocr_line' id='line_1_32' title="bbox 366 3356 2340 3451; baseline 0.001 -20"><span class='ocrx_word' id='word_1_254' title='bbox 366 3372 406 3431; x_wconf 83' lang='lat'>4</span> <span class='ocrx_word' id='word_1_255' title='bbox 641 3364 786 3431; x_wconf 76' lang='grc' dir='ltr'><strong><em>ἐπεὶ</em></strong></span> <span class='ocrx_word' id='word_1_256' title='bbox 813 3362 888 3431; x_wconf 71' lang='grc' dir='ltr'><strong><em>δὲ</em></strong></span> <span class='ocrx_word' id='word_1_257' title='bbox 919 3356 1409 3449; x_wconf 80' lang='grc' dir='ltr'><strong><em>διεφοίτησενῆ</em></strong></span> <span class='ocrx_word' id='word_1_258' title='bbox 1453 3360 1637 3451; x_wconf 85' lang='grc' dir='ltr'><strong><em>φήμη</em></strong></span> <span class='ocrx_word' id='word_1_259' title='bbox 1673 3367 1811 3433; x_wconf 74' lang='grc' dir='ltr'><strong><em>τῶν</em></strong></span> <span class='ocrx_word' id='word_1_260' title='bbox 1848 3388 1923 3433; x_wconf 87' lang='grc' dir='ltr'><strong><em>τε</em></strong></span> <span class='ocrx_word' id='word_1_261' title='bbox 1962 3364 2340 3449; x_wconf 80' lang='grc' dir='ltr'><strong><em>λεχθέντων</em></strong></span> 
     </span>
     <span class='ocr_line' id='line_1_33' title="bbox 438 3460 2339 3557; baseline 0.002 -25"><span class='ocrx_word' id='word_1_262' title='bbox 438 3460 555 3533; x_wconf 77' lang='grc' dir='ltr'><strong><em>ὑπ’</em></strong></span> <span class='ocrx_word' id='word_1_263' title='bbox 598 3461 806 3533; x_wconf 81' lang='grc' dir='ltr'><strong><em>αὐτοῦ</em></strong></span> <span class='ocrx_word' id='word_1_264' title='bbox 846 3467 921 3533; x_wconf 76' lang='grc' dir='ltr'><strong><em>ἐν</em></strong></span> <span class='ocrx_word' id='word_1_265' title='bbox 957 3469 1039 3551; x_wconf 84' lang='grc' dir='ltr'><strong><em>τῇ</em></strong></span> <span class='ocrx_word' id='word_1_266' title='bbox 1079 3461 1428 3557; x_wconf 73' lang='grc' dir='ltr'><strong><em>συγκλήτῳ</em></strong></span> <span class='ocrx_word' id='word_1_267' title='bbox 1470 3466 1582 3535; x_wconf 81' lang='grc' dir='ltr'><strong><em>καὶ</em></strong></span> <span class='ocrx_word' id='word_1_268' title='bbox 1618 3472 1757 3536; x_wconf 77' lang='grc' dir='ltr'><strong><em>τῶν</em></strong></span> <span class='ocrx_word' id='word_1_269' title='bbox 1794 3462 1959 3557; x_wconf 86' lang='grc' dir='ltr'><strong><em>πρὸς</em></strong></span> <span class='ocrx_word' id='word_1_270' title='bbox 1984 3462 2103 3535; x_wconf 83' lang='grc' dir='ltr'><strong><em>τὸν</em></strong></span> <span class='ocrx_word' id='word_1_271' title='bbox 2130 3470 2339 3555; x_wconf 84' lang='grc' dir='ltr'><strong><em>δῆμον</em></strong></span> 
     </span>
    </p>
   </div>
  </div>
 </body>
</html>
