2475 3859
853 161 1298 222 ΠΕΜΠΤΟΝ
1922 158 2040 223 139

107 331 502 421 νοούμενοι.
533 326 570 401 ὁ
597 331 676 402 δὲ
703 336 909 421 δῆμος
929 334 1349 425 ἑκατέρωθεν
1374 327 1656 420 παρέθει
1686 332 1851 423 μετὰ
1868 358 2041 404 παν-

107 442 422 523 τοδαπῆς
437 440 817 526 δᾳδουχίας,
838 435 1210 523 στεφάνους
1225 436 1339 503 καὶ
1360 430 1539 524 ἄνθη
1567 438 2041 526 έπιρριπτοῦν-

110 562 268 619 τες·
303 536 645 626 ἀγάλματά
672 565 742 608 τε
769 538 1038 607 πάντων
1063 544 1285 625 θεῶν,
1328 539 1443 607 καὶ
1484 548 1553 607 εί
1584 565 1649 607 τι
1685 540 2040 621 πολυτελὲς

113 640 450 729 ἀνάθημα
475 652 725 729 τίμιον,
755 637 877 710 ὅσα
915 668 986 710 τε
1013 647 1126 729 τῆς
1153 647 1493 729 βασιλείας
1519 640 1821 732 σύμβολα
1846 638 1889 731 ἢ
1916 669 2042 712 πο·

57 766 80 809 s
117 751 376 831 λυτελῆ
403 744 742 832 κειμήλια,
769 749 840 813 οἵ
864 770 934 813 τε
965 750 1184 824 ἱππεῖς
1220 746 1335 813 καὶ
1372 743 1651 832 στρατὸς
1685 753 1811 827 πᾶς
1837 772 2041 832 προε-

113 848 480 935 πόμπευον
514 853 634 916 τοῦ
659 854 854 916 θεοῦ.
953 846 1120 937 μετὰ
1157 846 1234 916 δὲ
1274 844 1349 915 τὸ
1388 864 1792 937 καταγαγεῖν
1832 845 2041 919 αὐτὸν
2072 864 2108 919 9

113 952 246 1021 καὶ
287 954 558 1038 ἱδρῦσαι
595 953 670 1019 ἐν
705 956 798 1041 τῷ
835 956 976 1043 ναῷ
1016 950 1132 1032 τάς
1167 976 1241 1019 τε
1280 952 1763 1040 προειρημένας
1800 958 2049 1031 θυσίας

117 1054 246 1123 καὶ
283 1052 694 1141 πανηγύρεις
735 1055 1057 1139 ἐπετέλει,
1085 1052 1401 1141 πύργους
1437 1079 1509 1122 τε
1540 1061 1894 1143 μεγίστους
1932 1056 2047 1124 καὶ

121 1151 594 1243 ὑψηλοτάτους
618 1153 1148 1243 κατασκευάσας,
1177 1152 1391 1225 ἀνιών
1419 1182 1491 1225 τε
1518 1153 1623 1226 ἐπ’
1656 1154 1905 1245 αὐτοῖς,
1934 1160 2047 1245 ἐρ-

61 1277 90 1317 ⁰
126 1266 519 1348 plurem-ote
545 1255 799 1347 ὄχλοις,
829 1255 1145 1348 ἁρπάζειν
1171 1265 1377 1329 πᾶσιν
1402 1261 1795 1349 ἐπιτρέπων,
1826 1261 2043 1330 ἐκπιό-

127 1361 316 1451 ματά
356 1388 430 1431 τε
471 1368 687 1452 χρυσᾶ
729 1364 841 1431 καὶ
887 1359 1150 1452 ἆργυρᾶ
1191 1360 1479 1449 ἐσθῆτάς
1525 1389 1597 1431 τε
1644 1366 1757 1433 καὶ
1794 1360 2047 1443 ὀθόνας

127 1463 565 1545 παντοδαπάς
581 1516 600 1552 ,
632 1464 766 1548 §noi
792 1493 862 1535 τε
901 1464 1116 1535 πάντα
1131 1517 1151 1552 ,
1191 1460 1319 1534 ὅσα
1342 1460 1556 1553 ἥμερα
1582 1462 1707 1535 ὅσα
1734 1463 2047 1553 ἀτίθασα,

129 1565 316 1655 πλὴν
351 1575 600 1656 χοίρων
616 1589 632 1605 ·
661 1566 918 1639 τούτων
955 1566 1084 1658 γὰρ
1127 1564 1431 1654 ἀπείχετο
1460 1575 1803 1639 Φοινίκων
1838 1570 2044 1662 νόμω.

131 1674 212 1741 ἐν
241 1667 330 1759 δὴ
358 1686 502 1751 ταῖς
526 1667 854 1760 ἁρπαγαῖς
879 1672 1112 1741 πολλοὶ
1139 1675 1635 1760 διεφθείροντο,
1672 1668 1806 1742 ὑπό
1833 1699 1903 1743 τε
1930 1669 2052 1741 ἆλ-
2086 1688 2155 1740 10

57 1790 100 1833 ¹⁵
133 1772 366 1862 λήλων
404 1773 808 1862 πατούμενοι
842 1775 958 1843 καὶ
1001 1788 1138 1854 τοῖς
1179 1772 1417 1861 δόρασι
1452 1780 1589 1843 τῶν
1625 1782 2051 1861 στρατιωτῶν

131 1883 678 1967 περιπίπτοντες,
709 1872 798 1959 ὥς
821 1875 946 1965 τὴν
969 1879 1232 1947 ἐκείνου
1262 1874 1501 1964 ἑορτὴν
1530 1884 1800 1958 πολλοῖς
1816 1879 2055 1967 φέρειν

131 1978 520 2070 συμφοράν.
593 1976 795 2061 αὐτὸς
832 1979 909 2050 δὲ
959 1980 1271 2067 ἐβλέπετο
1313 1978 1627 2061 πολλάκις
1678 1976 1967 2069 ἡνιοχῶν
2008 1974 2053 2068 ἢ

133 2082 549 2173 ὀρχούμενος
565 2104 579 2118 ·
609 2078 774 2153 οὐδὲ
803 2080 930 2172 γὰρ
959 2082 1331 2152 λανθάνειν
1356 2077 1605 2171 ἤθελεν
1630 2079 2051 2173 ἁμαρτάνων.
2102 2152 2115 2159 ,

135 2184 382 2277 προῄει
423 2213 496 2255 τε
531 2182 1090 2274 ὑπογραφόμενος
1140 2182 1301 2267 τοὺς
1350 2183 1747 2274 ὀφθαλμοὺς
1790 2188 1905 2257 καὶ
1939 2183 2056 2267 τὰς

61 2312 108 2353 ⁸⁰
137 2288 424 2379 παρειὰς
487 2292 950 2378 ἐρυθραίνων,
1005 2287 1212 2377 φύσει
1267 2314 1339 2359 τε
1389 2289 1751 2378 πρόσωπον
1807 2284 2057 2381 ὡραῖον

137 2389 440 2482 ὑβρίζων
472 2400 720 2481 βαφαῖς
745 2388 1126 2480 ἀσχήμοσιν.

347 2490 575 2583 ὁρῶσα
600 2500 640 2564 δ
643 2494 676 2565 ἑ
701 2501 909 2565 ταῦτα
931 2490 976 2582 ἡ
1001 2502 1238 2563 Μαῖσα
1251 2545 1270 2581 ,
1300 2489 1777 2565 ὖποπτεύουσά
1801 2521 1873 2563 τε
1898 2492 2057 2575 τοὺς
2084 2504 2123 2562 7

140 2596 550 2688 στρατιώτας
588 2595 1086 2686 άπαρέσκεσθαι
1123 2602 1217 2689 τῷ
1254 2595 1535 2689 τοιούτῳ
1573 2604 1695 2667 τοῦ
1737 2599 2059 2686 βασιλέως

141 2708 298 2793 βίω,
318 2702 432 2769 καὶ
459 2706 806 2770 δεδοικυῖα
822 2698 990 2789 μήτι
1008 2702 1278 2769 ἐκείνου
1296 2698 1633 2780 παθόντος
1650 2700 1853 2769 πάλιν
1872 2704 2061 2769 ἰδιω-

65 2823 110 2865 15
142 2804 345 2894 τεύῃ,
374 2810 598 2873 πείθει
629 2799 870 2890 αὐτόν,
901 2808 1168 2890 κοῦφον
1207 2796 1423 2881 ἄλλως
1461 2803 1575 2871 καὶ
1610 2799 1877 2891 ἄφρονα
1902 2828 2062 2871 νεα·-

141 2915 342 2993 νίαν,
372 2909 626 2977 θέσθαι
651 2904 808 2975 υἱὸν
841 2903 1151 2995 ,Καίσαρά
1184 2931 1257 2974 τε
1299 2900 1642 2987 ἀποδεῖξαι
1670 2902 1791 2974 τὸν
1816 2907 2062 2975 ἑαυτοῦ

143 3010 274 3100 μὲν
299 3005 584 3091 ἀνεψιὸν
616 3012 876 3098 ἐκείνης
901 3007 979 3081 δὲ
1006 3014 1287 3098 ἔγγονον
1312 3009 1386 3076 ἐκ
1422 3013 1539 3093 τῆς
1574 3008 1801 3096 ἑτέρας
1836 3018 2062 3096 θυγα-

143 3110 306 3204 τρὸς
329 3118 731 3202 Μαμμαίας,
769 3119 1047 3183 εἰποῦσα
1086 3106 1269 3201 αὐτῷ
1298 3111 1769 3198 κεχαρισμένα,
1800 3106 1890 3191 ὥς
1933 3107 2061 3200 ἄρα
2088 3128 2124 3181 2

141 3215 274 3307 χρὴ
309 3217 570 3286 ἐκεῖνον
594 3215 720 3304 μὲν
745 3222 826 3305 τῇ
853 3213 1187 3304 ἱερωσύνῃ
1219 3214 1333 3283 καὶ
1371 3219 1704 3305 θρησκείᾳ
1729 3210 2067 3301 σχολάζειν

69 3342 114 3385 ιο
144 3326 274 3391 τοῦ
301 3326 509 3407 θεοῦ,
539 3325 876 3408 βακχείαις
903 3320 1016 3387 καὶ
1055 3314 1311 3407 ὀργίοις
1335 3331 1473 3397 τοῖς
1499 3344 1570 3387 τε
1604 3323 1818 3397 θείοις
1848 3322 2069 3404 ἔργοις

143 3420 628 3510 ἀνακείμενον,
659 3419 831 3491 εἶναι
858 3421 935 3492 δὲ
963 3423 1192 3510 ἕτερον
1217 3416 1341 3488 τὸν
1367 3416 1447 3489 τὰ
1475 3416 1871 3507 ἀνθρώπεια
1896 3406 2071 3488 διον-ἶ

143 3532 440 3613 κοῦντα,
469 3528 706 3618 ἐκείνῳ
733 3522 810 3593 δὲ
849 3525 1218 3614 παρέξοντα
1242 3528 1357 3612 τῆς
1384 3530 1723 3612 βασιλείας
1758 3520 1832 3592 τὸ
1870 3518 2074 3593 ἆνεν-
2102 3572 2115 3579 ·
