2475 3859
375 137 494 199 134
1087 140 1535 203 ΠΕΜΠΤΟΝ

252 338 327 391 11
359 313 588 394 ξοντας
613 296 732 379 τὸν
757 317 1119 399 Μακρῖνον
1141 308 1319 381 πολὺ
1348 305 1921 399 προκεχωρηκότα.
1984 312 2061 381 ἐν
2086 318 2271 381 Καλ-

357 413 592 503 χηδόνι
617 419 791 503 γοῦν
829 418 944 499 τῆς
980 420 1315 495 Βιθυνίας
1354 412 1745 503 κατελήφθη
1760 466 1781 501 ,
1816 420 2039 484 νοσῶν
2076 422 2273 501 χαλε-

359 517 626 587 πώτατα
651 512 786 587 ὑπό
829 542 902 585 τε
941 522 1055 641 τῆς
1093 521 1419 605 συνεχοῦς
1458 512 1845 607 ὁδοιπορίας
1876 537 2273 618 συντετριμ-

361 623 578 709 μένος.
658 625 830 689 ἔνθα
879 613 1090 688 αὐτὸν
1143 616 1455 709 εὑρόντες
1507 625 1583 689 ἒν
1624 646 1756 689 τινι
1806 621 2273 709 κρυπτόμενον

362 728 734 814 προαστείω
766 725 837 789 oc
871 721 1225 803 διώκοντες
1250 721 1375 811 τὴν
1402 720 1706 811 κεφαλὴν
1734 720 2077 811 ἀπέτεμον.
2129 725 2275 793 ἐλέ-
2304 752 2328 793 5

364 854 517 915 γετο
545 825 621 894 δὲ
649 823 966 893 σπεύδειν
993 827 1060 905 ἐς
1085 824 1208 913 τὴν
1237 822 1525 915 Ρώμην,
1568 830 1848 916 θαρρῶν
1888 832 1968 916 τῇ
1994 833 2120 895 τοῦ
2154 826 2278 914 δή-
2398 882 2400 885 ⁴

364 956 496 1017 μου
525 929 680 1019 περὶ
720 923 930 997 αὐτὸν
969 933 1253 1019 σπουδῇ.
1311 926 1803 1018 περαιούμενον
1843 924 1913 998 δ’
1960 926 2177 998 αὐτὸν
2212 932 2281 1011 ἐς

361 1029 486 1120 τὴν
502 1028 842 1120 Εὐρώπην
869 1028 982 1099 διὰ
1007 1037 1126 1101 τοῦ
1155 1038 1397 1103 στενοῦ
1433 1039 1548 1120 τῆς
1572 1036 2033 1121 Προποντίδος
2058 1042 2282 1121 πορθ-

363 1141 495 1223 μοῦ
509 1186 530 1221 ,
583 1130 714 1223 ἤδη
771 1160 842 1203 τε
892 1138 984 1225 τῷ
1034 1142 1379 1228 Βυζαντίῳ
1436 1134 2002 1222 προσπελάζοντα,
2070 1136 2282 1223 φασὶν
2400 1138 2402 1161 ¹

371 1234 726 1327 ἀντιπνοίᾳ
750 1234 1128 1324 χρήσασθαι
1143 1290 1163 1326 ,
1192 1238 1637 1325 ἐπανάγοντος
1664 1234 1873 1307 αὐτὸν
1917 1244 2039 1307 τοῦ
2066 1237 2350 1315 amad-,21⁰

265 1360 337 1416 12
370 1364 575 1428 ματος
608 1342 674 1421 ἐς
699 1336 822 1428 τὴν
846 1346 1190 1431 τιμωρίαν.
1296 1338 1478 1429 παρὰ
1504 1347 1826 1411 τοσοῦτον
1853 1340 1976 1429 μὲν
2002 1338 2087 1429 δὴ
2114 1350 2277 1411 Μα-

367 1456 597 1531 κρῖνος
624 1438 750 1512 οὐκ
779 1442 1060 1532 ἐξέφυγε
1085 1442 1243 1525 τούς
1260 1443 1643 1532 διώξαντας,
1664 1444 1837 1515 τέλει
1864 1472 1934 1513 τε
1959 1442 2279 1533 ἐχρήσατο
2400 1440 2402 1453 “

369 1551 620 1639 αἰσχρῷ
673 1540 960 1635 ὕστερον
1012 1547 1307 1636 θελήσας
1360 1550 1427 1629 ἐς
1470 1544 1595 1636 τὴν
1632 1543 1887 1637 Ῥώμην
1938 1543 2279 1632 ἀνελθεῖν,

371 1649 530 1719 δέον
555 1651 631 1719 ἐν
655 1644 824 1739 ἀρχῇ
849 1656 1046 1721 τοῦτο
1052 1657 1345 1739 ποιῆσαι
1364 1671 1379 1686 ·
1409 1646 1581 1739 ὁμοῦ
1598 1650 1673 1720 δὲ
1694 1657 1959 1721 ἔπταισε
1976 1652 2088 1721 καὶ
2101 1650 2281 1739 γνώ-

370 1779 462 1843 μη
489 1753 604 1822 καὶ
627 1751 814 1842 τύχη.
2311 1774 2347 1814 ¹⁵

296 1866 398 1901 ·²¹⁸
581 1856 751 1925 τέλει
777 1883 903 1945 μεν
929 1859 1014 1945 δη
1039 1851 1319 1947 τοιούτω
1338 1862 1689 1943 Μακρῖνος
1706 1854 2043 1944 ἐχρήσατο,
2070 1878 2285 1926 συνα-

271 1910 408 1946 ιιῌὶιι

373 1961 806 2047 ναιρεθέντος
851 1955 1033 2051 αύτω
1087 1960 1201 2028 καὶ
1248 1964 1370 2028 τοῦ
1423 1956 1693 2047 παιδός,
1747 1954 1831 2028 ὃν
1874 1986 1959 2047 ην
2004 1958 2285 2046 ποιήσας

307 2068 344 2127 5
375 2067 720 2151 Καίσαρα,
745 2059 1337 2149 Διαδουμενιανὸν
1370 2060 1815 2150 καλούμενον·
1871 2064 2016 2133 ἐπεὶ
2042 2058 2186 2131 δὲ”
2144 2090 2181 2131 ο
2212 2089 2284 2132 τε

374 2161 650 2252 στρατὸς
677 2169 804 2244 πᾶς
828 2160 1176 2252 μετελθων
1202 2161 1369 2254 πρὸς
1396 2162 1516 2233 τὸν
1536 2160 1934 2235 Ἀντωνῖνον
1964 2180 2283 2254 προσεῖπε

373 2268 681 2355 βασιλέα,
717 2265 800 2335 τά
841 2293 914 2335 τε
963 2272 1080 2354 τῆς
1121 2262 1326 2355 ἀρχῆς
1354 2264 1750 2355 ὑπεδέξατο,
1795 2270 2282 2356 διοικηθέντων
2308 2286 2351 2326 ²⁰

374 2364 559 2460 αὐτῷ
585 2364 753 2437 κατὰ
779 2366 902 2456 τὴν
927 2364 1261 2457 ἀνατολὴν
1290 2376 1427 2439 τῶν
1458 2369 1865 2459 ἐπειγόντων
1890 2367 2025 2441 ὑπό
2062 2398 2137 2441 τε
2170 2379 2287 2459 τῆς

372 2471 638 2560 μάμμης
663 2473 777 2540 καὶ
802 2478 939 2541 τῶν
964 2471 1313 2541 συνόντων
1340 2480 1563 2560 φίλων
1588 2469 1817 2555 (αὐτὸς
1856 2471 1983 2562 γὰρ
2024 2464 2111 2562 ἦν
2136 2476 2287 2555 νέος

376 2602 448 2644 τε
473 2572 597 2662 τὴν
623 2569 921 2663 ἡλικίαν,
959 2601 1367 2664 πραγματων
1392 2602 1464 2644 τε
1490 2577 1604 2645 καὶ
1630 2580 1935 2657 παιδείας
1962 2572 2283 2666 απειρος),

373 2705 458 2747 ου
487 2683 742 2747 πολλοῦ
766 2676 1038 2801 χρόνον*
1039 2683 1391 2767 διατρίψας
1419 2676 1551 2765 εἶχε
1588 2680 1743 2767 περὶ
1778 2682 2041 2768 ἔξοδον,
2076 2700 2287 2749 σπευ-

377 2779 624 2868 δούσης
652 2779 932 2868 μαλιστα
958 2809 1074 2869 της
1102 2788 1375 2868 Μαισης
1406 2784 1473 2863 ἐς
1500 2783 1581 2851 τα
1620 2782 1889 2871 συνήθη
1928 2783 2131 2871 ἑαυτῇ
2159 2790 2355 2871 [Sa-2¹⁵

313 2899 349 2951 2
377 2890 592 2954 σίλεια
619 2879 884 2972 Ῥώμης.
991 2880 1080 2965 ὥς
1122 2884 1198 2954 δὲ
1225 2891 1305 2974 τῇ
1345 2911 1416 2953 τε
1444 2884 1795 2977 συγκλήτω
1840 2885 1955 2955 καὶ
2002 2911 2095 2977 τφ
2129 2882 2285 2953 Ῥω-

375 2992 592 3075 μαίων
626 2986 814 3079 δήμῳ
853 3014 932 3055 τα
971 2990 1357 3076 πραχθέντα
1397 2986 1741 3076 ἐδηλώθη,
1776 2986 2135 3075 δυσφόρως
2163 2988 2286 3076 μὲν

375 3088 620 3169 πάντες
658 3084 989 3177 ἥκουσαν,
1036 3085 1385 3178 ὑπήκουον
1426 3090 1502 3159 δὲ
1540 3086 1801 3181 ἀνάγκη
1840 3096 1963 3159 τοῦ
1998 3096 2285 3180 στρατοῦ

376 3198 584 3262 ταῦτα
618 3187 976 3281 ᾑρημένου.
1005 3192 1501 3280 κατεγίνωσκόν
1532 3194 1752 3263 τετοῦ
1768 3202 2133 3284 Μακρίνου
2164 3197 2287 3284 ρᾳ-

377 3302 638 3381 θυμίαν
662 3319 734 3361 τε
759 3296 872 3362 καὶ
901 3293 1168 3381 τρόπων
1195 3294 1603 3381 χαυνότητα,
1644 3296 1863 3365 αἴτιόν
1887 3323 1960 3365 τε
1996 3292 2123 3366 οὐκ
2163 3293 2286 3366 ἅλ-
2310 3320 2357 3361 ω

380 3402 501 3463 λον
529 3390 673 3463 ἀλλ’
704 3388 749 3479 ἢ
775 3392 983 3463 αὐτὸν
1010 3397 1222 3485 ἑαυτῷ
1253 3403 1661 3483 γεγενῆσθαι
1690 3404 1943 3486 ἔλεγον.

583 3490 618 3561 ὅ
665 3494 739 3565 δὲ
777 3492 1165 3577 Ἀντωνῖνος
1206 3493 1464 3587 ἀπάρας
1494 3506 1609 3587 τῆς
1652 3508 1912 3591 Συρίας
1954 3498 2181 3571 ἐλθών
2216 3527 2286 3571 τε
