2475 3859
969 133 1320 195 OI'AOON
1958 129 2082 192 203

157 317 550 394 συγκροτεῖ.
603 305 720 374 καὶ
748 301 824 373 τὸ
852 303 978 394 μὲν
1001 300 1164 375 ἄλλο
1189 302 1667 392 στρατιωτικὸν
1692 299 2083 393 ἀπέπεμψεν

159 415 238 490 ἒς
281 435 358 479 τε
395 406 476 477 τά
519 413 690 496 ἔθνη
731 409 848 477 καὶ
885 405 968 477 τὰ
1008 414 1222 478 οἰκεῖα
1260 407 1706 498 στρατόπεδα,
1752 399 1953 488 αὐτὸς
2003 407 2081 478 δὲ

159 515 558 598 ἐπανῆλθεν
583 515 652 591 ἐς
673 508 798 599 τῆν
827 506 1082 599 Ῥώμην
1107 509 1241 580 σύν
1264 537 1337 580 τε
1360 525 1501 593 τοῖς
1528 509 1970 602 δορυφόροις,
2000 517 2084 596 ,οἳ

157 612 296 702 τὴν
336 620 677 702 βασίλειον
712 621 1140 704 φρουροῦσιν
1178 610 1427 702 αὐλήν,
1470 613 1599 684 σύν
1635 640 1709 683 τε
1754 628 1892 693 τοῖς
1942 609 2077 682 ὑπὸ

95 740 130 778 5
157 723 482 810 Βαλβίνῳ
508 717 1073 806 στρατευομένοις.
1177 719 1563 806 ἐπανῆλθον
1590 717 1667 786 δὲ
1703 717 1817 786 καὶ
1846 720 1919 786 οἱ
1944 712 2075 788 ἀπὸ
2102 721 2143 775 8

156 825 546 910 Γερμανίας
571 818 976 909 ἐληλυθότες
1002 818 1335 908 σύμμαχοι
1349 843 1365 857 ·
1398 819 1673 909 ἐθάρσει
1690 817 1819 908 γὰρ
1852 814 2083 890 αὐτῶν

157 931 250 1014 τῇ
279 919 516 1014 εὐνοία
539 919 656 993 ἅτε
685 924 800 993 καὶ
823 929 948 992 τοῦ
979 929 1230 1003 ἔθ’·νους
1268 926 1575 1004 ἐπιεικῶς
1600 922 1929 1011 πρότερον
1954 918 2081 1011 ἅρ-

157 1029 317 1114 ξας,
347 1022 458 1095 ὅτε
486 1025 854 1096 ίδιώτευεν.
911 1025 1184 1096 εἰσιόντι
1209 1025 1289 1096 δὲ
1314 1023 1497 1120 αὐτῷ
1530 1027 1597 1106 ἐς
1620 1022 1745 1114 τὴν
1764 1021 2018 1113 Ῥώμην
2042 1021 2083 1094 ὅ

157 1157 242 1200 τε
280 1136 610 1218 Βαλβῖνος
639 1125 970 1218 ὐπήντετο
984 1181 1004 1216 ,
1045 1128 1455 1219 ἐπαγόμενος
1492 1125 1869 1218 Γορδιανόν
1906 1133 2080 1197 Καί·
2126 1181 2133 1190 .

73 1269 124 1310 m
159 1255 360 1321 σαρα,
380 1228 424 1321 ῆ
447 1259 518 1302 τε
545 1227 916 1320 σύγκλητος
939 1233 1054 1301 καὶ
1081 1228 1120 1302 ὁ
1149 1237 1357 1321 δῆμος
1377 1229 1839 1322 εὐφημοῦντες
1856 1226 2078 1321 ὥσπερ

159 1333 706 1425 θριαμβεύοντας
733 1331 1157 1423 ὑπεδέχοντο.

371 1428 580 1528 ἦρχον
630 1437 708 1508 δὲ
743 1443 865 1508 τοῦ
902 1443 1146 1507 λοιποῦ
1181 1443 1299 1525 τῆς
1348 1435 1607 1517 πόλεως
1652 1433 1817 1526 μετὰ
1864 1435 2079 1527 πάσης
2099 1443 2139 1504 8

162 1537 526 1629 εὐκοσμίας
550 1568 624 1610 τε
652 1541 768 1610 καὶ
793 1537 1130 1626 εὐταξίας,
1161 1545 1305 1630 ἰδίᾳ
1330 1566 1405 1609 τε
1438 1541 1553 1609 καὶ
1590 1545 1880 1630 δημοσία
1904 1564 2079 1612 παν-

161 1651 372 1732 ταχοῦ
399 1639 904 1732 εὐφημούμενοι
919 1664 934 1680 ·
975 1645 1201 1731 ἔχαιρέ
1233 1669 1309 1711 τε
1344 1638 1381 1712 ὁ
1410 1647 1617 1731 δῆμος
1656 1639 1920 1730 αὐτοῖς,
1964 1666 2081 1714 σε-

73 1783 128 1824 15
164 1746 590 1838 μνυνόμενος
617 1743 1050 1836 εὐπατρίδαις
1074 1747 1188 1815 καὶ
1211 1741 1421 1828 ἀξίοις
1444 1752 1561 1833 τῆς
1587 1750 1927 1834 βασιλείας
1952 1743 2082 1816 αὐ·-

159 1849 620 1940 τοκράτορσιν.
689 1855 762 1920 οἰ
807 1852 1036 1940 μέντοι
1088 1854 1483 1938 στρατιῶται
1535 1852 1911 1918 διοίδαινον
1964 1846 2083 1930 τὰς

160 1952 404 2041 ψυχάς,
431 1950 547 2023 καὶ
575 1949 732 2022 οῦτε
747 1968 891 2034 ταῖς
919 1949 1281 2042 εὐφημίαις
1296 1958 1420 2021 τοῦ
1449 1951 1667 2039 δήμου
1692 1947 2079 2041 ἠρέσκοντο,

163 2055 538 2146 ἐβαροῦντό
565 2083 638 2126 τε
665 2052 894 2126 αὐτῶν
931 2053 1148 2144 αὐτὴν
1183 2053 1311 2143 τῆν
1351 2051 1735 2144 εὐγένειαν,
1760 2053 1877 2124 καὶ
1908 2050 2079 2144 ῆγα-

160 2159 462 2229 νάκτουν
485 2155 588 2229 ὅτι
615 2155 746 2248 ἄρα
770 2165 986 2246 ἔχοιεν
1025 2161 1098 2228 ἐκ
1131 2157 1509 2247 συγκλήτου
1537 2159 1864 2246 βασιλέας.
1917 2156 2077 2228 ἐλύ-
2103 2163 2141 2218 2

73 2281 132 2326 ιο
166 2287 346 2332 πουν
373 2260 450 2332 δὲ
473 2258 724 2342 αὐτοὺς
738 2263 854 2331 καὶ
881 2267 950 2332 οἱ
966 2262 1305 2351 Γερμανοὶ
1328 2259 1657 2350 παρόντες
1668 2265 1761 2352 τῷ
1788 2263 2081 2354 Μαξίμῳ

163 2371 246 2435 ἔν
282 2391 358 2434 τε
397 2371 480 2455 τῇ
515 2360 728 2455 Ῥώμῃ
756 2368 1212 2456 διατρίβοντες
1228 2385 1256 2432 ·.
1290 2359 1699 2444 ἀντιπάλους
1737 2361 1869 2454 γὰρ
1904 2366 2081 2447 ἕξειν

158 2465 474 2556 ἤλπιζον,
509 2477 578 2538 εἴ
601 2496 668 2538 τι
701 2475 1036 2561 τολμῷεν,
1063 2469 1178 2538 καὶ
1201 2466 1601 2557 ἐφεδρεύειν
1626 2462 1855 2548 αὐτοῖς
1887 2461 2081 2538 ὑπαί*

161 2597 450 2658 πτευον,
496 2580 565 2640 εἴ
599 2599 736 2641 τινι
780 2569 960 2662 δόλῳ
1013 2565 1505 2658 ἀποζωσθεϊεν,
1546 2573 1793 2640 ἐκεῖνοι
1842 2569 1921 2638 δὲ
1962 2567 2079 2640 ἅτε

162 2673 488 2762 παρόντες
515 2677 764 2767 ῥαδίως
779 2669 1311 2744 ὐποκατασταῖεν
1324 2696 1341 2711 ·
1370 2672 1447 2743 τό
1464 2701 1537 2742 τε
1560 2670 1877 2761 Σεεήρου
1902 2666 2079 2742 ὑπό-

73 2805 130 2848 2⁵
167 2782 440 2866 δειγμα,
472 2772 548 2858 ὃς
578 2774 738 2858 τούς
758 2783 1144 2866 Περτίνακα
1170 2772 1689 2855 ἀποκτείναντας
1716 2772 2073 2863 ἀπέζωσεν,

167 2879 378 2971 εἰσῄει
415 2876 683 2962 αὐτούς.
763 2881 1282 2968 ἐπιτελουμένου
1334 2879 1413 2949 δὲ
1454 2875 1713 2966 ἀγῶνος
1762 2883 1887 2945 τοῦ
1934 2883 2073 2947 τῶν
2099 2889 2136 2943 3

164 2990 640 3071 Καπετωλίων,
653 2981 924 3054 πάντων
940 3009 1014 3052 τε
1037 2985 1196 3073 περὶ
1213 2979 1339 3072 τὴν
1366 2978 1748 3070 πανήγυριν
1771 2980 1887 3050 καὶ
1910 2977 2078 3068 τὰς,
2095 2991 2173 3069 ’,ξῖ

164 3087 332 3167 θέας
359 3082 896 3174 ἀσχολουμένων,
915 3090 1274 3174 αἰφνιδίως
1298 3079 1387 3173 ῆν
1407 3082 1587 3171 εἶχον
1610 3081 1887 3172 γνώμην
1911 3090 2078 3152 λαν-

165 3187 518 3258 θάνουσαν
543 3189 872 3277 ἐξέφηναν
885 3242 905 3277 ,
931 3190 1049 3260 καὶ
1083 3195 1208 3258 τοῦ
1235 3193 1467 3275 θυμοῦ
1494 3183 1585 3275 μὴ
1610 3185 2077 3276 κρατήσαντες,

79 3323 136 3364 3ο
171 3287 344 3381 ὁρμῇ
369 3290 446 3360 δὲ
470 3287 696 3385 ἀλόγῳ
718 3290 1122 3382 χρησάμενοι
1137 3344 1157 3379 ,
1187 3288 1495 3378 ἀνῆλθον
1532 3285 1976 3378 ὁμοθυμαδὸν
2008 3289 2077 3368 ἐς

167 3390 252 3464 τὰ
276 3400 614 3482 βασίλεια,
645 3409 784 3474 τοῖς
808 3419 882 3463 τε
907 3393 1315 3485 πρεσβύταις
1342 3399 1740 3482 βασιλεῦσιν
1766 3395 2075 3478 ἐπεισῆλ-

165 3507 321 3566 θον.
397 3498 756 3586 συνέβαινε
795 3495 872 3568 δὲ
909 3493 1263 3579 κάκείνους
1304 3495 1396 3588 μὴ
1440 3495 1623 3570 πάνυ
1660 3525 1727 3568 τι
1763 3492 2073 3583 ἀλλήλοις
2097 3517 2127 3556 Δ
