2475 3859
510 150 626 211 120
1242 154 1679 213 TETAPTON

503 322 772 395 ανωθεν
797 325 909 395 καὶ
936 318 1146 395 πολλὰ
1170 320 1292 393 ὑπ’
1332 321 1541 394 αυτοῦ
1586 321 2139 415 εὐεργετηθέντι),
2169 332 2400 395 πείθει

501 456 572 497 τε
611 426 846 531 καιρὸν
895 426 1271 515 ἐπιτήδειον
1320 428 1884 517 παραφυλάξαντα
1923 431 2400 518 ἐπιβουλεῦσαι

500 539 590 624 τῷ
622 518 866 601 Ἀντων
869 537 1011 622 ίνω.
1041 524 1080 598 ὃ
1107 530 1182 599 δὲ
1209 544 1349 611 ταῖς
1372 558 1445 599 τε
1472 527 1865 619 ὑποσχέσεσι
1890 538 2007 601 τοῦ
2036 538 2399 620 Μακρίνου

501 632 961 721 ἀναπεισθείς,
1001 640 1214 722 μισῶν
1252 660 1323 703 τε
1360 629 1573 715 αλλως
1610 636 1721 703 καὶ
1764 640 2129 725 τιμωρῆσαι
2168 636 2398 703 θέλων

498 743 588 830 τῷ
617 732 908 827 ἀδελφῷ,
937 736 1150 806 πάντα
1167 734 1469 825 ποιήσειν
1494 734 1793 826 ἀσμένως
1810 734 2219 825 ὑπισχνεῖται
2240 766 2396 807 και-
2424 768 2447 804 ⁵

500 838 624 929 ρὸν
651 838 1023 928 ἐπιτήδειον
1052 835 1291 927 εὑρών.

435 948 471 1003 3
699 944 949 1031 συνέβη
992 940 1069 1011 δὲ
1109 938 1253 1030 μετ’
1302 938 1383 1012 οὐ
1429 939 1599 1011 πολὺ
1644 948 1759 1030 τῆς
1810 943 2101 1025 σκέψεως
2150 940 2399 1030 ταύτης

497 1051 777 1133 θελῆσαι
803 1043 921 1115 τὸν
952 1041 1370 1132 Ἀντωνῖνον,
1405 1049 1829 1135 διατρίβοντα
1854 1048 1928 1114 ἐν
1955 1044 2249 1135 Κάρραις
2280 1052 2396 1133 τῆς

494 1154 1040 1237 Μεσοποταμίας,
1072 1156 1431 1237 προελθεῖν
1456 1154 1571 1236 τῆς
1610 1154 1943 1237 βασιλείας
1968 1144 2293 1217 ἀπελθεῖν
2324 1174 2395 1217 τε

495 1252 561 1330 ἐς
588 1249 706 1319 τὸν
731 1248 906 1320 νεῶν
931 1258 1046 1339 τῆς
1071 1250 1369 1340 σελήνης,
1398 1246 1485 1340 ἣν
1509 1251 1785 1340 μάλιστα
1814 1255 1881 1319 οἱ
1903 1250 2242 1341 ἐπιχώριοι
2270 1252 2387 1319 σέ·-
2424 1274 2463 1313 ¹⁰

492 1360 752 1439 βουσιν.
807 1350 1191 1442 ἀφειστήκει
1218 1354 1295 1423 δὲ
1334 1361 1448 1441 τῆς
1488 1353 1740 1435 πόλεως
1781 1350 1818 1423 ὁ
1854 1351 2022 1434 νεῶς
2057 1353 2265 1440 πολύ,
2302 1350 2390 1433 ῶς

490 1451 873 1546 ὁδοιπορίας
897 1455 1174 1547 χρῄζειν.
1221 1454 1353 1526 σὺν
1380 1462 1691 1527 ἱππεῦσιν
1720 1448 1845 1525 οὖν
1870 1453 2136 1545 ὀλίγοις,
2165 1462 2279 1526 ἵνα
2304 1455 2389 1545 δὴ

488 1556 579 1647 μὴ
608 1558 822 1630 πάντα
860 1558 978 1629 τὸν
1016 1558 1299 1649 στρατὸν
1323 1560 1567 1651 σκύλῃ,
1608 1558 1733 1647 τὴν
1774 1556 2162 1647 ὁδοιπορίαν
2205 1563 2389 1629 ἐποι-

433 1668 468 1721 4
495 1678 660 1749 εῖτο,
692 1658 780 1743 ῶς
809 1660 892 1752 δὴ
930 1663 1148 1761 θύσας
1183 1669 1264 1754 τῇ
1306 1669 1447 1756 θεῷ
1487 1665 1864 1733 ἐπανέλθοι.
1940 1659 2105 1731 κατὰ
2145 1662 2221 1733 δὲ
2264 1660 2387 1750 τὴν

483 1766 693 1853 μέσην
717 1763 880 1837 ὁδὸν
904 1768 1235 1855 ἐπειχθεὶς
1263 1761 1397 1836 ὑπὸ
1426 1772 1539 1854 τῆς
1566 1765 1877 1854 γαστρός,
1910 1762 2281 1854 ἀποστῆναί
2313 1792 2383 1834 τε
2414 1796 2453 1837 15

480 1867 730 1951 πάντας
777 1869 1125 1955 κελεύσας,
1182 1866 1501 1958 ἀνεχώρει
1549 1866 1681 1937 σὺν
1722 1870 1823 1937 ἑνὶ
1870 1864 2163 1958 ὑπηρέτῃ
2218 1865 2383 1938 ἀπο-

482 1962 966 2062 σκευασάμενος
983 1970 1064 2041 τὰ
1084 1974 1499 2060 ἐνοχλοῦντα.
1530 1970 1769 2051 πάντες
1794 1978 2027 2041 τοίνυν
2055 1968 2385 2061 ἀπεστρά-

483 2096 708 2163 φησαν
733 2077 846 2146 καὶ
885 2072 972 2155 ῶς
1010 2074 1409 2165 πορρωτάτω
1453 2070 1783 2165 ἀπῄεσαν,
1824 2073 2021 2164 τιμὴν
2062 2076 2174 2143 καὶ
2212 2080 2381 2144 αἰδῶ

420 2191 453 2243 5
480 2183 572 2271 τῷ
600 2180 930 2270 γινομένῳ
955 2179 1282 2266 νέμοντες.
1387 2174 1423 2248 ὃ
1469 2176 1543 2246 δὲ
1586 2176 1999 2266 Μαρτιάλιος
2034 2175 2191 2259 τούς
2229 2205 2382 2248 και-

479 2278 640 2368 ροὺς
665 2279 914 2361 πάντας
943 2279 1476 2369 παραφυλάττων
1492 2332 1511 2367 ,
1554 2280 1719 2351 ἰδών
1747 2307 1817 2349 τε
1845 2276 2053 2350 αὐτὸν
2073 2306 2379 2369 μεμονω-
2406 2305 2453 2346 m

477 2383 712 2469 μένον,
743 2379 830 2462 ῶς
869 2381 953 2471 δὴ
993 2385 1266 2471 κληθεὶς
1294 2376 1411 2451 ὑπ’
1458 2378 1667 2452 αὐτοῦ
1706 2382 1985 2472 νεύματι
2027 2386 2200 2471 ἐρῶν
2238 2412 2304 2453 τι
2336 2378 2382 2471 ἢ

478 2480 955 2573 ἀκουσόμενος,
989 2488 1404 2574 προστρέχει,
1434 2486 1695 2566 ἐπιστάς
1722 2513 1793 2555 τε
1821 2482 2001 2578 αὐτῷ
2030 2484 2143 2566 τὰς
2169 2489 2378 2574 ἐσθῆ-

475 2614 592 2668 τας
621 2594 757 2656 τῶν
781 2595 1014 2677 μηρῶν
1039 2590 1468 2676 καθέλκοντι,
1500 2585 2041 2680 ἀπεστραμμένον
2068 2594 2247 2659 παίει
2278 2592 2378 2671 ξι-

477 2695 718 2783 φιδίῳ,
767 2685 806 2759 ὃ
840 2689 1002 2779 μετὰ
1037 2706 1259 2780 χεῖρας
1308 2699 1505 2780 ἔφερε
1545 2692 1922 2761 λανθάνων.
1990 2698 2253 2782 καιρίου
2301 2692 2375 2761 δὲ

473 2800 588 2882 τῆς
615 2800 868 2883 πληγῆς
895 2796 1001 2863 ἐπὶ
1035 2801 1149 2882 τῆς
1177 2800 1603 2875 κατακλεῖδος
1633 2798 1994 2883 γενομένης
2024 2791 2369 2885 ρἰπροσδο-
2400 2820 2446 2863 τι

416 2909 449 2963 6
476 2896 688 2985 κήτως
714 2924 784 2967 τε
811 2898 924 2968 καὶ
951 2894 1348 2986 ἀφυλάκτως
1374 2894 1409 2967 ὅ
1447 2893 1836 2979 Ἀντωνῖνος
1863 2894 2183 2987 ἀνῃρέθη.
2250 2924 2372 2966 πε-

369 2999 753 3099 &az-advene
769 3007 808 3070 δ
812 3001 843 3070 ὲ
856 2998 1066 3071 αὐτοῦ
1082 3001 1380 3090 πηδήσας
1401 3005 1581 3093 ἵππῳ
1601 3007 1855 3089 ἔφυγεν
1882 2997 1917 3071 ὁ
1938 2999 2367 3090 Μαρτιάλιος.

470 3104 799 3191 Γερμανοὶ
837 3104 912 3173 δὲ
954 3108 1204 3191 ἱππεῖς,
1246 3099 1344 3184 οἶς
1383 3099 1418 3173 ὃ
1464 3100 1853 3185 Ἀντωνῖνος
1892 3110 2109 3191 ἔχαιρε
2148 3130 2369 3191 φρου-

467 3221 608 3289 ροῖς
635 3233 706 3275 τε
732 3212 854 3275 τοῦ
879 3205 1174 3293 σώματος
1202 3210 1467 3294 ἐχρῆτο,
1510 3202 1592 3273 οὐ
1628 3212 1949 3275 τοσοῦτον
1997 3202 2369 3293 ἀφεστῶτες

468 3302 628 3375 ὅσον
654 3311 724 3376 oc
750 3314 1002 3394 λοιποί,
1031 3314 1287 3397 πρῶτοί
1309 3334 1379 3376 τε
1406 3307 1661 3388 ἰδόντες
1686 3306 1759 3377 τὸ
1786 3307 2168 3396 γενόμενον,
2198 3308 2363 3377 διιό-
2392 3336 2445 3376 ευ

407 3424 438 3478 7
466 3410 693 3489 ξαντες
731 3405 848 3477 τὸν
885 3405 1305 3497 Μαρτιάλιον
1339 3408 1833 3496 κατηκόντισαν.
1938 3407 2028 3491 ῶς
2060 3410 2135 3479 δὲ
2172 3413 2283 3479 καὶ
2326 3406 2363 3479 ὁ

466 3506 694 3587 λοιπὸς
719 3507 992 3597 στρατὸς
1027 3508 1161 3580 εἶδε
1191 3507 1265 3579 τὸ
1296 3513 1623 3601 πραχθέν,
1652 3511 1891 3591 πάντες
1919 3514 2360 3603 συνέδραμον,
