2475 3859
455 148 534 209 76
1264 152 1569 213 TPITON

455 324 839 396 διωκόντων
867 326 1124 397 ἱππέων
1149 326 1263 395 καὶ
1292 326 1709 413 συλληφθεὶς
1726 322 1849 414 τῆν
1866 320 2179 413 κεφαλὴν
2206 320 2343 393 ἀπε-

453 428 694 517 τμήθνι·

396 553 428 609 7
656 535 830 601 τέλει
855 529 978 617 μὲν
997 526 1080 616 δὴ
1106 529 1385 621 τοιούτῳ
1410 525 1449 600 ὁ
1474 537 1731 621 Νίγρος
1756 529 2093 618 ἐχρήσατο,
2112 530 2349 619 μελλή-

453 656 618 717 σεως
643 636 756 704 καὶ
782 636 1192 723 βραδυτῆτος
1217 632 1382 713 δοὺς
1422 638 1641 721 δίκας,
1680 630 1761 702 τὰ
1802 629 2000 719 ἄλλα,
2030 630 2123 713 ῶς
2170 657 2345 723 φασι,

450 736 806 827 γενόμενος
844 734 934 823 μὴ
975 741 1234 822 φαῦλος
1274 732 1670 826 ἅνθρωπος,
1715 735 1876 824 μήτε
1914 731 2143 825 ἅρχων
2196 739 2383 825 μήτε,

451 840 748 929 ἰδιώτης·
808 834 844 907 ὁ
895 837 970 907 δὲ
1009 844 1309 928 Σευῆρος
1354 836 1668 910 καθελῶν
1704 836 1823 910 τὸν
1856 847 2157 929 Νίγρον,
2204 839 2353 919 τούς

449 943 574 1033 μὲν
601 950 842 1031 φίλους
868 937 1079 1011 αὐτοῦ
1095 993 1114 1028 ,
1143 943 1257 1009 καὶ
1284 951 1353 1011 εἴ
1368 969 1544 1025 τινες
1570 938 1653 1013 ού
1680 941 1887 1031 μόνον
1925 946 1997 1011 ἐκ
2037 947 2355 1034 προαιρέ-

447 1066 615 1125 σεως
665 1041 832 1115 ἀλλὰ
883 1040 976 1113 δι’
1031 1040 1324 1133 ἀνάγκης
1376 1048 1783 1133 προσέθεντο
1836 1043 2016 1137 αὐτῷ
2030 1097 2049 1133 ,
2105 1046 2357 1127 πάντας

447 1145 743 1239 ἀφειδῶς
781 1145 1086 1236 ἐκόλασε,
1129 1143 1287 1228 τούς
1332 1147 1408 1217 δὲ
1449 1148 1879 1237 στρατιώτας,
1923 1144 2067 1218 ὅσοι
2116 1154 2347 1219 διαδε-

447 1250 812 1348 δράκεσαν,
847 1250 1359 1337 πυνθανόμενος
1396 1253 1919 1339 περαιουμένους
1958 1248 2077 1319 τὸν
2112 1260 2347 1343 Τίγρι-
2372 1282 2407 1323 ιο

447 1360 536 1423 δα
559 1353 856 1442 ποταμὸν
889 1351 1000 1421 διά
1023 1378 1094 1421 τε
1120 1350 1194 1421 τὸ
1222 1356 1297 1423 ἐκ
1323 1354 1633 1443 Σεεήρου
1664 1356 1811 1434 δέος
1830 1350 2151 1435 ἀπιόντας
2174 1354 2338 1447 πρὸς

445 1454 604 1536 τοὺς
624 1456 1022 1545 βαρβάρους,
1051 1451 1222 1545 <οὐ>
1245 1456 1491 1537 πάντας
1519 1453 1725 1546 ἤγαγε
1752 1454 1914 1537 δοὺς
1942 1453 2335 1545 ἀμνηστίαν.

385 1584 423 1639 8
449 1557 622 1630 πολὺ
636 1558 762 1648 γὰρ
777 1565 1037 1647 πλῆθος
1047 1555 1275 1628 αὐτῶν
1294 1555 1713 1650 ἀνεχώρησεν
1726 1563 1793 1640 ἐς
1805 1558 1927 1647 τὴν
1941 1556 2349 1650 ἀλλοδαπήν.

441 1658 606 1751 ὅπερ
633 1665 748 1733 καὶ
773 1662 1052 1751 μάλιστα
1078 1672 1294 1731 αἴτιον
1319 1664 1579 1751 ἐγένετο
1605 1662 2021 1752 μαχιμώτερα
2052 1660 2343 1756 ’ὕστερον

441 1768 761 1856 γενέσθαι
789 1763 956 1852 πρὸς
982 1763 1103 1853 τῆν
1129 1766 1470 1855 συστάδην
1510 1766 1723 1856 μάχην
1743 1764 2077 1855 Ῥωμαίων
2103 1764 2188 1835 τὰ
2216 1774 2349 1837 τῶν
2378 1790 2415 1831 ιε
2470 1748 2475 1846 ἢ

441 1872 746 1942 ἐπέκεινα
774 1869 1151 1960 βαρβάρων.
1220 1870 1547 1959 πρότερον
1585 1870 1709 1958 μὲν
1734 1868 1861 1961 γὰρ
1893 1869 2196 1953 τοξεύειν
2226 1868 2350 1959 μό-

439 2001 564 2044 νον
582 1978 807 2054 ἵπποις
833 1972 1269 2061 ἐποχούμενοι
1297 1968 1569 2062 ᾕδεσαν,
1584 1972 1745 2060 μήτε
1762 1979 2097 2064 πανοπλίᾳ
2122 1971 2349 2061 φράσ-
2474 2017 2475 2066 ἦ

439 2097 668 2157 σοντες
701 2073 947 2156 αὑτοὺς
974 2075 1137 2164 μήτε
1176 2082 1257 2165 τῇ
1296 2074 1409 2143 διὰ
1447 2076 1748 2166 δοράτων
1778 2079 1889 2146 καὶ
1916 2080 2129 2164 ξιφῶν
2158 2084 2343 2165 θαρ-

439 2184 716 2268 ροῦντες
739 2176 944 2267 μάχῃ,
971 2177 1263 2265 κούφαις
1288 2177 1365 2246 δὲ
1381 2178 1495 2246 καὶ
1520 2180 2068 2271 παρῃωρημέναις
2092 2180 2333 2267 ἐσθῆσι

436 2277 911 2367 κοσμούμενοι·
941 2276 1022 2347 τὰ
1047 2285 1321 2348 πλεῖστα
1348 2287 1515 2367 γοῦν
1544 2282 1908 2371 φεύγοντες
1938 2285 2005 2361 ἐς
2030 2277 2331 2351 τούπίσω
2364 2312 2419 2353 2⁰

377 2412 414 2467 9
442 2407 514 2452 τε
541 2380 920 2462 τοξεύοντες
948 2381 1286 2469 ἐμάχοντο.
1389 2390 1525 2452 τῶν
1556 2385 1632 2454 δὲ
1658 2385 1985 2474 φυγάδων
2020 2407 2343 2473 στρατιω-

438 2490 608 2573 τῶν,
638 2490 905 2553 πολλῶν
935 2511 1008 2552 τε
1043 2488 1118 2554 ἐν
1145 2481 1372 2568 αὐτοῖς
1408 2496 1744 2575 τεχνιτῶν,
1773 2484 1933 2578 παρ’
1976 2483 2199 2567 αὐτοῖς
2224 2514 2341 2575 γε-

435 2589 740 2677 νομένων
763 2588 874 2657 καὶ
906 2584 1025 2657 τὸν
1063 2592 1204 2660 ἐκεῖ
1235 2594 1391 2677 βίον
1418 2592 1785 2680 ἑλομένων,
1830 2587 1911 2660 οὐ
1940 2590 2149 2680 μόνον
2174 2596 2341 2678 χρῆ-

433 2704 598 2765 σθαι
625 2687 792 2761 ἀλλὰ
818 2693 930 2760 καὶ
958 2692 1348 2782 ἐργάζεσθαι
1366 2687 1537 2763 ὅπλα
1564 2693 2032 2783 ἐδιδάχθησαν.

376 2818 414 2879 5
641 2794 982 2883 διοικήσας
1010 2795 1086 2864 δὲ
1115 2792 1151 2865 ὁ
1178 2802 1481 2886 Σεεῆρος
1507 2795 1587 2865 τὰ
1616 2799 1724 2866 ἐπὶ
1742 2804 1857 2885 τῆς
1882 2793 2221 2884 ἀνατολῆς,
2243 2789 2335 2875 ῶς
2366 2828 2420 2869 2⁵

434 2897 620 2993 ᾤετο,
651 2894 886 2989 ἄριστα
913 2900 1026 2968 καὶ
1055 2900 1271 2989 ἑαυτῷ
1308 2900 1831 2989 λυσιτελέστατα,
1860 2896 2189 2988 ἠθέλησεν
2218 2893 2338 2967 εὗ-

429 3006 608 3083 θέως
645 2998 931 3091 ὁρμῆσαι
987 3001 1098 3070 ἐπὶ
1140 2998 1259 3069 τὸν
1290 2998 1627 3091 Ἀτρηνῶν
1670 3005 1945 3091 βασιλέα
1994 3008 2061 3083 ἔς
2097 3028 2169 3072 τε
2205 3002 2330 3089 τὴν

427 3112 852 3195 Παρθυαίων
878 3111 1006 3193 γῆν
1045 3108 1391 3191 διαβῆναι·
1433 3105 1732 3174 ἐνεκάλει
1773 3103 1901 3195 γὰρ
1936 3102 2336 3195 ἀμφοτέροις

427 3215 664 3296 φιλίαν
688 3214 978 3298 Νίγρου.
1034 3202 1200 3275 ἀλλὰ
1227 3213 1436 3277 ταῦτα
1460 3206 1586 3295 μὲν
1610 3209 1679 3287 ἐς
1704 3204 1990 3298 ὕστερον
2020 3205 2321 3293 ἀνέθετο,

429 3318 698 3399 πρῶτον
725 3310 802 3377 δὲ
829 3315 1048 3378 πᾶσαν
1073 3304 1197 3394 τῆν
1234 3302 1449 3396 ἀρχὴν
1474 3304 1810 3396 Ῥωμαίων
1848 3314 1914 3390 ἐς
1954 3308 2195 3380 ἑαυτὸν
2222 3310 2336 3377 καὶ
2366 3338 2413 3380 ω

427 3409 587 3490 τούς
619 3413 860 3489 παῖδας
898 3422 1294 3497 μεταγαγεῖν
1330 3408 1445 3477 καὶ
1480 3410 1980 3497 βεβαιώσασθαι
2020 3409 2331 3499 ἠθέλησε.

367 3532 403 3584 2
427 3511 904 3598 καθῃρημένου
954 3508 1082 3605 γὰρ
1123 3516 1249 3578 τοῦ
1285 3512 1553 3599 Νίγρου
1584 3506 1863 3602 ὀχληρὸς
1894 3513 2008 3581 καὶ
2034 3510 2339 3603 περιττὸς
