2475 3859
308 196 336 217 ς
461 119 503 177 4
1221 117 1576 177 ΠΡΩΤΟΝ

464 290 577 358 καὶ
617 291 692 358 ἐν
718 298 987 369 πολλοῖς
1011 287 1406 377 βαρβάροις,
1436 292 1557 376 γῆς
1582 315 1654 357 τε
1680 286 1992 380 σεισμοὺς
2017 291 2129 358 καὶ
2157 286 2388 379 ἆέρων

468 392 756 483 φθοράς,
770 391 1124 481 τυράννων
1135 418 1206 459 τε
1234 392 1345 459 καὶ
1374 394 1705 479 βασιλέων
1720 399 1910 480 βίους
1937 392 2386 483 παραδόξους,

469 495 794 587 πρότερον
830 490 872 583 ἦ
909 501 1206 574 σπανίως
1247 488 1290 583 ἦ
1338 492 1500 583 μηδ’
1544 491 1713 576 ὅλως
1753 499 2383 584 μνημονευθέντας·

409 613 443 666 5
473 590 570 670 ὧν
596 607 663 669 οἳ
685 599 808 688 μὲν
827 600 1340 688 ἐπιμηκέστερον
1368 603 1563 683 ἔσχον
1587 595 1711 686 τὴν
1736 595 1968 687 ἀρχήν,
1984 607 2051 669 οἳ
2076 600 2149 669 δὲ
2168 599 2385 688 πρόσ-

465 730 702 792 καιρον
737 698 860 789 τὴν
897 706 1332 786 δυναστείαν,
1375 702 1502 769 εἰσὶ
1531 697 1595 768 δ’
1629 708 1695 768 οἳ
1718 703 1904 789 μέχρι
1934 710 2385 792 προσηγορίας
2424 736 2449 775 5

467 808 580 875 καὶ
615 810 805 893 τιμῆς
846 806 1184 893 ἐφημέρου
1221 802 1432 893 μόνης
1474 802 1789 881 ἐλθόντες
1816 800 2070 885 εὐθέως
2096 805 2385 874 κατελύ-

466 920 710 997 θησαν.
778 918 1172 997 μερισθεῖσα
1210 904 1339 997 γαρ
1391 902 1802 996 ἡῬωμαίων
1840 903 2006 995 ἀρχὴ
2052 910 2126 977 ἐν
2166 916 2391 978 ἔτεσιν

468 1010 785 1101 ἑξήκοντα
831 1013 899 1092 ἐς
939 1017 1211 1099 πλείους
1252 1016 1649 1090 δυναστείας
1686 1003 1731 1098 ἢ
1771 1004 1809 1077 ὁ
1849 1009 2084 1097 χρόνος
2124 1008 2390 1101 ἀπῄτει,

411 1132 446 1186 6
475 1112 688 1186 πολλὰ
713 1116 826 1183 καὶ
862 1120 1132 1183 ποικίλα
1166 1110 1409 1203 ἤνεγκε
1436 1115 1549 1182 καὶ
1584 1113 1929 1201 θαύματος
1954 1110 2125 1196 ἄξια.
2225 1115 2386 1183 τού-

469 1247 608 1289 των
632 1216 760 1308 γὰρ
789 1222 855 1286 οἱ
887 1217 1012 1307 μὲν
1035 1214 1160 1305 τὴν
1183 1212 1455 1306 ἡλικίαν
1495 1215 1936 1308 πρεσβύτεροι
1975 1213 2088 1285 διὰ
2113 1211 2236 1302 τὴν
2262 1220 2379 1306 ε’μ-
2432 1248 2447 1286 1

472 1329 742 1412 πειρίαν
767 1326 906 1390 τῶν
931 1320 1342 1409 πραγμάτων
1357 1322 1864 1411 ἐπιμελέστερον
1893 1322 2151 1389 ἑαυτῶν
2176 1346 2248 1388 τε
2274 1324 2391 1390 καὶ

470 1432 608 1497 τῶν
632 1420 955 1513 ὑπηκόων
993 1414 1237 1513 ἦρξαν,
1266 1428 1337 1492 οἰ
1371 1424 1445 1492 δὲ·
1480 1430 1725 1514 κομιδῇ
1752 1425 1892 1494 νέοι
1920 1422 2391 1514 ῥᾳθυμότερον

473 1527 838 1618 βιώσαντες
878 1525 1092 1597 πολλὰ
1134 1526 1657 1616 ἐκαινοτόμησαν
1674 1550 1689 1563 ·
1734 1527 1969 1617 διόπερ
2006 1526 2274 1608 εἰκότως
2313 1529 2392 1596 ἐν

471 1628 761 1721 ἡλικίαις
801 1657 875 1699 τε
919 1631 1032 1699 καὶ
1088 1632 1417 1713 ἐξουσίαις
1463 1627 1813 1721 διαφόροις
1860 1627 1984 1718 οὐχ
2031 1627 2227 1719 ὅμοια
2273 1632 2388 1717 γέ-

475 1763 636 1823 γονε
658 1732 740 1803 τὰ
767 1733 1276 1823 ἐπιτηδεύματα.
1321 1728 1412 1815 ὥς
1448 1732 1511 1803 δ’
1553 1738 1798 1804 ἕκαστα
1834 1733 2093 1803 τούτων
2130 1737 2387 1824 πέπρα·
2431 1759 2447 1799 ι

477 1867 662 1925 κται,
701 1834 868 1907 κατὰ
893 1837 1175 1929 χρόνους
1199 1840 1313 1908 καὶ
1340 1843 1736 1918 δυναστείας
1770 1836 2186 1927 διηγήσομαι.

418 1942 458 2003 2
681 1945 775 2035 τῷ
810 1942 1234 2030 βασιλεύοντι
1255 1941 1520 2035 Μάρκῳ
1538 1943 1909 2030 θυγατέρες
1934 1941 2059 2030 μὲν
2085 1943 2390 2028 ἐγένοντο

481 2051 790 2131 πλείους,
829 2043 1108 2136 ἄρρενες
1149 2045 1225 2115 δὲ
1265 2043 1409 2115 δύο.
1464 2050 1602 2113 τῶν
1630 2046 1706 2113 δὲ
1730 2039 2038 2133 ἀρρένων
2061 2043 2323 2113 τούτων
2353 2040 2390 2113 ὁ

476 2148 601 2238 μὲν
627 2151 850 2237 ἕτερος
888 2153 1131 2237 κομιδῇ
1169 2150 1321 2228 νέος
1356 2144 1475 2216 τὸν
1512 2154 1665 2234 βίον
1703 2147 2061 2235 μετήλλαξε
2104 2145 2386 2236 (δηρίσ-

477 2273 666 2340 σιμος
708 2247 772 2321 δ’
804 2242 892 2340 ἦν
933 2249 1142 2339 ὄνομα
1168 2247 1399 2344 αὐτῷ),
1438 2238 1558 2319 τὸν
1583 2249 1660 2318 δὲ
1687 2250 2003 2341 περιόντα
2030 2249 2389 2341 Κόμμοδόν
2422 2270 2463 2309 2⁰

478 2382 552 2424 τε
575 2353 994 2442 καλούμενον
1025 2349 1062 2423 ὁ
1090 2351 1307 2443 πατὴρ
1334 2379 1499 2442 μετα
1514 2358 1782 2441 ,πολλῆς
1820 2356 2197 2443 ἐπιμελείας
2232 2351 2387 2422 ἆνε-

479 2460 813 2548 θρέψατο,
843 2457 1185 2527 πάντοθεν
1223 2453 1380 2536 τούς
1424 2458 1499 2525 έν
1533 2472 1671 2537 τοῖς
1712 2462 1988 2527 ἔθνεσιν
2027 2460 2135 2527 ἐπὶ
2172 2456 2392 2544 λόγοις

484 2560 976 2649 δοκιμωτάτους
1027 2562 1137 2629 ἐπὶ
1188 2559 1582 2642 συντάξεσιν
1618 2556 1745 2630 οὐκ
1788 2559 2393 2649 εὐκαταφρονήτως

481 2670 739 2749 κάλων,
766 2689 946 2743 οπως
970 2663 1289 2744 συνόντες
1324 2660 1432 2732 ἀεὶ
1459 2663 1845 2735 παιδεύοιεν
1870 2662 2051 2756 αὐτῷ
2075 2662 2196 2731 τὸν
2217 2662 2391 2732 υἱόν.

422 2784 456 2836 2
488 2767 602 2847 τάς
636 2794 709 2837 τε
748 2768 1126 2857 θυγατέρας
1163 2763 1321 2835 ἐν“
1266 2794 1408 2859 ωρα
1433 2771 1795 2858 γενομένας
1821 2771 2077 2851 ἐξέδοτο
2102 2762 2386 2856 ἀνδράσι
2421 2790 2465 2830 2⁵

485 2875 602 2959 τῆς
639 2870 1016 2959 συγκλήτου
1053 2875 1300 2959 βουλῆς
1324 2887 1460 2951 τοῖς
1486 2868 1811 2960 ἀρίστοις,
1852 2867 1934 2940 οὗ
1960 2866 2116 2950 τοὺς
2153 2871 2392 2957 γένους

489 2989 771 3064 μακραῖς
823 2977 1161 3060 διαδοχαῖς
1204 2971 1639 3065 εὐπατρίδας,
1680 2971 1841 3045 οὐδὲ
1889 2970 2044 3053 τούς
2096 2973 2390 3043 πλούτου

490 3085 874 3168 περιβολαῖς
910 3076 1285 3167 λαμπρούς,
1329 3086 1646 3167 κοσμίους
1694 3078 1771 3147 δὲ
1809 3074 1929 3146 τὸν
1978 3076 2231 3166 τρόπον
2277 3078 2389 3145 καὶ

491 3180 845 3271 σώφρονας
867 3177 989 3250 τὸν
1012 3187 1165 3269 βίον
1203 3178 1543 3270 γαμβροὺς
1576 3176 1761 3273 αὐτῷ
1783 3183 2102 3267 γενέσθαι
2128 3182 2350 3251 θέλων
2367 3201 2385 3217 ·

488 3288 699 3353 ταῦτα
735 3282 864 3375 γὰρ
903 3283 1076 3375 μόνα
1122 3290 1337 3372 ψυχῆς
1374 3289 1515 3353 ἴδια
1560 3286 1673 3352 καὶ
1703 3280 2122 3374 ,ἀναφαίρετα
2168 3279 2387 3373 ἡγεῖτο
2422 3308 2463 3348 ³0

433 3404 468 3459 3
497 3387 812 3476 κτήματα.
911 3386 1148 3477 ἀρετῆς
1182 3387 1263 3456 δὲ
1299 3386 1510 3475 πάσης
1546 3393 1781 3476 ἔμελεν
1805 3385 2019 3481 αὐτῷ,
2060 3385 2280 3475 λόγων
2315 3413 2387 3455 τε

491 3488 915 3582 ἀρχαιότητος
955 3483 1043 3580 ἦν
1083 3488 1359 3579 ἐραστής
1375 3541 1394 3574 ,
1434 3484 1522 3571 ὦς
1561 3490 1844 3581 μηδενὸς
1870 3490 2032 3582 μήτε
2057 3486 2389 3577 Ῥωμαίων
