2475 3859
809 195 1256 255 TETAPTON
1860 192 1981 255 '107

51 370 279 461 φόνος
307 365 566 448 εὐθέως
591 363 956 449 ἆκουσθεὶς
983 376 1332 457 μεμίσηται
1348 423 1367 457 ,
1396 368 1469 437 τό
1506 396 1573 438 τε
1604 366 1815 458 ὄνομα
1839 385 1982 451 ταῖς

52 472 302 554 ἀκοαῖς
327 469 460 561 ἅμα
487 478 580 563 τῷ
615 487 1020 560 προσπεσεῖν
1049 469 1263 553 εὐθὺς
1292 474 1483 561 φέρει
1510 471 1804 561 χαλεπὴν
1832 479 1982 543 δια-

55 576 300 667 βολήν.
349 591 486 656 τοῖς
511 574 634 663 μὲν
659 572 787 663 γὰρ
816 575 1310 663 δυστυχήσασιν
1338 583 1539 664 ἔλεος,
1560 592 1695 658 τοῖς
1722 576 1797 645 δὲ
1816 604 1983 664 κρα-

57 679 312 769 τήσασι
337 678 598 767 φθόνος
625 687 1132 766 παρακολουθεῖ
1141 702 1158 719 ·
1197 669 1312 748 καὶ
1337 677 1414 748 τὸ
1442 679 1569 768 μὲν
1592 676 1883 769 ἡττηθὲν
1911 683 1987 749 ἐν

0 808 34 849 ⁵
61 798 212 864 τοῖς
233 783 558 861 τοιούτοις
575 778 979 868 ἀδικεῖσθαι,
999 779 1074 851 τὸ
1103 782 1178 852 δὲ
1203 788 1488 868 νικῆσαν
1506 779 1767 853 ἀδικεῖν
1784 788 1985 853 δοκεῖ.
2062 856 2067 859 ,

59 883 252 974 πλὴν
281 896 348 956 εἴ
367 914 466 967 τις
491 882 670 975 ὀρθῇ
696 891 912 975 κρίσει
941 886 1055 955 καὶ
1093 882 1182 973 μή
1209 888 1513 955 διαθέσει
1552 893 1631 976 τῇ
1669 885 1834 974 πρὸς
1870 884 1989 955 τὸν
2015 894 2051 948 3

61 987 362 1059 πεσόντα
391 987 464 1059 τὸ
493 989 961 1077 πεπραγμένον
989 996 1345 1076 λογίζοιτο,
1372 989 1497 1078 τήν
1518 1016 1589 1057 τε
1616 996 1837 1058 αἰτίαν
1862 986 1991 1058 αὐ-

63 1099 198 1161 τοῦ
251 1094 365 1161 καὶ
411 1088 536 1180 τὴν
574 1087 912 1160 ὑπόθεσιν
956 1092 1267 1179 ἐξετάζοι,
1310 1088 1497 1181 εὕροι
1544 1088 1630 1161 ἂν
1666 1089 1835 1181 ὁμοῦ
1878 1096 1991 1161 καὶ

70 1192 366 1283 εὔλογον
395 1196 507 1265 καὶ
543 1190 911 1282 ἀναγκαῖον
938 1192 1060 1264 τόν
1099 1197 1427 1283 μέλλοντα
1460 1202 1814 1266 πείσεσθαι
1848 1202 1991 1265 δει-

1 1328 36 1367 ο
70 1296 206 1368 νὸν
231 1294 620 1387 ἀμύνασθαι
645 1304 900 1385 μᾶλλον
917 1292 961 1385 ἢ
981 1292 1373 1387 ὑπομεῖναι·
1403 1305 1484 1389 τῇ
1510 1298 1634 1386 μὲν
1661 1297 1789 1389 γάρ
1817 1319 1992 1387 συμ-

75 1408 264 1493 φορᾷ
289 1407 412 1471 τοῦ
441 1400 757 1481 πεσόντος
781 1402 893 1469 καὶ
922 1397 1289 1492 ἀνανδρίας
1328 1400 1537 1491 ψόγος
1564 1411 1992 1491 παρακολου-

73 1516 230 1592 θεῖ,
259 1500 296 1574 ὃ
336 1503 412 1574 δὲ
450 1501 779 1595 κρατήσας
811 1499 946 1591 ἅμα
970 1511 1062 1597 τῷ
1091 1511 1431 1574 σεσῶσθαι
1472 1506 1587 1573 καὶ
1626 1504 1829 1588 δόξαν
1869 1502 1993 1574 ἆν-

75 1613 310 1696 δρείας
343 1604 777 1696 ἀπηνέγκατο.
881 1602 964 1675 τὰ
999 1606 1124 1695 μὲν
1165 1598 1295 1677 οὖν
1333 1603 1535 1693 ἄλλα,
1578 1604 1700 1677 ὅσα
1732 1605 1846 1677 διὰ
1870 1614 1992 1695 δη-
2020 1630 2056 1682 4

76 1718 417 1799 λητηρίων
443 1708 816 1799 φαρμάκων
841 1711 958 1779 καὶ
993 1708 1106 1779 διὰ
1145 1710 1359 1797 πάσης
1395 1713 1671 1799 ἐνέδρας
1713 1709 1997 1799 ἐπεβού-

0 1838 44 1879 ιε
78 1817 286 1883 λευσέ
321 1841 466 1901 μοι,
508 1819 768 1883 ἔνεστιν
803 1808 966 1901 ὑμῖν
1002 1814 1114 1881 καὶ
1153 1812 1267 1883 διὰ
1310 1813 1627 1901 βασάνων
1663 1813 2001 1903 χωρήσασι

79 1927 358 2007 μαθεῖν·
387 1915 654 2007 καὶγὰρ
683 1914 797 1986 διὰ
821 1922 1017 1985 τοῦτο
1043 1912 1201 1997 τούς
1242 1919 1508 1986 ἐκείνου
1535 1918 1611 1985 έν
1644 1932 1783 1997 τοῖς
1822 1912 1999 2004 ὑπη-

81 2023 304 2111 ρέταις
331 2022 646 2090 ἐκέλευσα
672 2033 1001 2110 παρεῖναι,
1019 2014 1198 2100 ὅπως
1231 2014 1470 2108 εὕρητε
1495 2016 1619 2107 τὴν
1646 2014 1995 2106 ἀλήθειαν.

85 2124 218 2193 εἰσὶ
257 2126 337 2193 δέ
378 2151 558 2204 τινες
593 2119 820 2192 αὐτῶν
857 2124 972 2191 καὶ
1021 2117 1150 2211 ἤδη
1190 2124 1689 2210 ἐξετασθέντες,
1732 2125 1846 2193 καὶ
1884 2129 2003 2211 τῆς

86 2226 436 2309 ἐξετάσεως
465 2230 832 2296 ἐπακοῦσαι
859 2225 1178 2295 δύνασθε.
1249 2223 1323 2295 τό
1354 2223 1415 2295 δ’
1450 2216 1579 2294 οὖν
1617 2234 2001 2297 τελευταῖον

3 2360 54 2401 2⁰
89 2332 350 2419 ἐπῆλθέ
375 2356 486 2418 μοι
514 2327 696 2417 παρὰ
735 2335 815 2419 τῇ
853 2331 1051 2419 μητρὶ
1091 2324 1238 2400 ὄντι
1276 2327 1576 2417 ξιφήρεις
1614 2335 1785 2417 ἔχων
1815 2326 2000 2408 τινὰς

87 2436 156 2515 ἐς
196 2440 396 2502 τοῦτο
449 2434 1131 2519 παρεσκευασμένους.
1237 2428 1404 2522 ὅπερ
1448 2430 1579 2520 ἐγώ
1620 2439 2003 2523 προμηθείᾳ
2028 2452 2061 2505 5

89 2542 302 2626 πολλῇ
359 2538 472 2605 καὶ
523 2531 828 2627 ἀγχινοίᾳ
864 2537 1090 2616 συνεὶς
1129 2532 1489 2624 ἠμυνάμην
1530 2529 1619 2615 ὥς
1661 2538 2000 2624 πολέμιον,

91 2640 236 2709 ἐπεὶ
274 2638 436 2727 μήτε
474 2638 750 2726 γνώμην
792 2644 888 2707 ἔτι
931 2637 1094 2726 μήτε
1137 2634 1355 2725 ὁρμὴν
1392 2644 1639 2726 ἔφερεν
1680 2635 2003 2727 ἀδελφοῦ.

91 2739 482 2830 ἀμύνεσθαί
505 2769 578 2811 τε
605 2738 760 2822 τοὺς
788 2740 1347 2828 ἐπιβουλεύοντας
1374 2737 1455 2809 οὐ
1493 2740 1706 2829 μόνον
1742 2746 2007 2810 δίκαιον
2112 2739 2119 2746 ’

13 2880 64 2921 25
97 2842 266 2914 ἀλλὰ
305 2846 420 2913 καὶ
459 2844 773 2934 σύνηθες.
843 2840 1045 2923 αὐτὸς
1077 2848 1247 2931 γοῦν
1280 2839 1317 2913 ὃ
1360 2848 1563 2932 τῆσδε
1601 2850 1717 2931 τῆς
1754 2842 2008 2923 πόλεως

94 2954 359 3036 κτίστης
399 2943 726 3035 Ῥωμύλος
769 2942 898 3015 οὐκ
946 2942 1234 3035 ἤνεγκεν
1284 2941 1583 3034 ἀδελφὸν
1634 2941 2007 3034 ὑβρίσαντα

93 3050 306 3135 μόνον
347 3052 414 3131 ἐς
456 3048 534 3119 τὰ
587 3053 851 3119 ἐκείνου
891 3056 1073 3138 ἔργα.
1177 3054 1344 3137 σιγῶ
1384 3045 1806 3137 Γερμανικὸν
1843 3046 2007 3131 (τὸν
2034 3066 2069 3121 6

105 3160 424 3243 Τιβερίου
459 3155 574 3223 καὶ
608 3150 1100 3242 Βρεττανικὸν)
1139 3149 1261 3221 τὸν
1296 3153 1613 3242 Νέρωνος
1646 3152 1762 3219 καὶ
1808 3158 2008 3220 Τίτον

98 3255 219 3327 τὸν
243 3262 684 3343 Δομετιανοῦ.
712 3256 996 3344 Μάρκος
1023 3252 1255 3341 αὐτός,
1285 3261 1698 3343 φιλοσοφίαν
1724 3255 1839 3323 καὶ
1865 3256 2013 3322 ἐπι-

23 3388 74 3430 m
105 3366 356 3430 είκειαν
367 3358 959 3451 προσποιούμενος,
977 3366 1283 3427 Λουκίου
1294 3355 1419 3447 τὴν
1430 3352 1637 3446 ὕβριν
1660 3354 1785 3426 οὐκ
1812 3352 2015 3445 ἤνεγ-

103 3490 222 3533 κεν
249 3460 442 3543 ὅντος
472 3467 811 3551 γαμβροῦ,
841 3458 992 3531 ἀλλ’
1027 3464 1092 3545 ἐξ
1123 3464 1481 3550 ἐπιβουλῆς
1506 3457 1717 3529 αὐτὸν
1743 3455 2016 3529 ἀπεσεί-

105 3588 282 3636 σατο.
342 3562 474 3653 ἐγώ
513 3565 590 3634 δὲ
618 3569 1038 3654 δηλητηρίων
1077 3565 1753 3654 παρεσκευασμένων,
1782 3564 2019 3652 ξίφους
