2475 3859
460 160 540 223 50
1192 158 1636 219 ΔΕΥΤΕΡΟΝ

459 347 742 426 τρυφαῖς
770 330 1026 410 εὐθέως
1049 331 1162 398 καὶ
1187 329 1585 420 κραιπάλαις
1614 329 1941 418 ἐσχόλαζε,
1968 334 2049 419 τῇ
2077 331 2201 420 μὲν
2228 336 2367 401 τῶν

461 445 802 528 δημοσίων
827 438 1166 525 ἐπιμελείᾳ
1193 433 1517 525 ῥᾳθύμως
1556 433 2137 525 προσφερόμενος,
2184 437 2252 515 ἐς
2292 436 2369 504 δὲ

461 540 538 613 τὸ
561 538 994 631 ἁβροδίαιτον
1031 539 1145 605 καὶ
1185 534 1477 626 ἄσεμνον
1518 535 1792 619 ἐπιδοὺς
1834 536 2093 608 ἑαυτόν.
2180 534 2365 630 εὑρί-

464 645 659 717 σκετό
683 671 756 715 τε
783 644 895 711 καὶ
922 639 1076 721 τοῦς
1101 641 1505 729 στρατιώτας
1528 642 1947 731 ψευσάμενος
1972 642 2084 711 καὶ
2110 637 2366 732 ἀπατή-

402 770 438 822 2
466 772 584 829 σας
609 754 702 841 τῷ
727 744 816 835 μὴ
847 739 1689 833 δύνασθαιῗᾶποπληρώσαι
1718 742 1760 814 ὁὶ
1786 741 2115 834 ὑπέσχητο
2134 767 2149 782 ·
2205 744 2367 815 οὔτε
2400 770 2421 809 5

462 851 593 943 γὰρ
621 860 895 920 οἴκοθεν
921 839 1008 937 ἦν
1031 853 1319 917 τοσαῦτα
1346 844 1530 941 αὐτῷ
1548 847 1845 939 χρήματα
1864 845 1987 917 ὅσα
2012 845 2371 937 ἠλαζονεύ-
2466 886 2468 907 ι

466 978 656 1039 σατο,
685 951 846 1053 οὔτε,
865 950 998 1042 μὴν
1036 956 1106 1020 οἱ
1139 951 1451 1040 δημόσιοί
1484 978 1547 1019 τι
1586 954 1921 1042 θησαυροὶ
1966 952 2177 1039 εἶχον,
2206 950 2379 1023 ἄλλα
2466 942 2468 977 ⁹

466 1058 686 1130 πάντα
713 1058 1170 1148 προκεκένωτο
1195 1062 1278 1145 τῇ
1307 1054 1670 1144 Κομμόδου
1696 1051 1983 1147 ἀσωτείᾳ
2024 1058 2135 1127 καὶ
2174 1053 2371 1143 ἀφει-
2468 1107 2470 1139 s

469 1164 616 1233 δέσι
655 1164 768 1229 καὶ
813 1158 1105 1249 ἀκρίτοις
1149 1154 1600 1248 ἀναλώμασιν.
1707 1162 1781 1229 ἐκ
1834 1159 1909 1228 δὲ
1964 1158 2207 1247 ταύτης
2260 1164 2377 1249 τῆς
2468 1168 2470 1233 j

463 1266 706 1354 τόλμης
731 1267 844 1333 καὶ
869 1268 983 1351 τῆς
1001 1268 1214 1342 αἰτίας
1238 1268 1311 1331 οἵ
1329 1290 1401 1332 τε
1428 1267 1823 1352 στρατιῶται
1847 1266 2211 1350 σφαλέντες
2234 1270 2375 1333 τῶν
2408 1277 2447 1317 1⁰

467 1373 764 1440 ἐλπίδων
799 1363 1349 1456 ὑπηγανάκτουν,
1392 1363 1430 1435 ὅ
1468 1393 1539 1434 τε
1580 1371 1784 1455 δῆμος
1827 1365 2223 1455 αἰσθόμενος
2262 1371 2379 1455 τῆς

469 1471 738 1562 γνώμης
761 1476 898 1539 τών
939 1474 1363 1560 στρατιωτῶν
1401 1467 1581 1556 εἶχον
1619 1472 1693 1539 ἐν
1732 1470 2257 1559 καταφρονήσει,
2290 1464 2377 1549 ὥς
2470 1515 2472 1583 1

470 1575 790 1668 προϊόντα
827 1600 900 1642 τε
939 1577 1158 1652 κακῶς
1209 1569 1597 1661 ἀγορεύειν,
1639 1569 1744 1641 ἐπ’
1802 1578 2100 1662 αἰσχραῖς
2148 1601 2221 1642 τε
2264 1577 2377 1642 καὶ
2470 1586 2472 1593 “

401 1708 437 1761 3
471 1678 871 1769 ἀμφιβόλοις
905 1671 1180 1764 ἡδοναῖς
1217 1675 1572 1745 σκώπτειν.
1678 1681 1744 1755 ἔς
1780 1702 1853 1744 τε
1890 1674 2009 1745 τὸν
2052 1677 2373 1767 ἱππόδρο-

471 1812 618 1874 μον,
647 1779 819 1851 ὅπου
845 1780 1125 1869 μάλιστα
1149 1776 1224 1847 τὸ
1254 1786 1513 1869 πλῆθος
1538 1776 1777 1848 συνιόν
1802 1779 2231 1868 ἐκκλησιάζει,
2257 1778 2377 1849 τὸν
2408 1791 2445 1831 ¹5

458 1884 825 1959 Ἰουλιανὸν
853 1882 1347 1973 ἐβλασφήμουν,
1364 1880 1629 1972 ἀρωγὸν
1655 1882 1733 1953 δὲ
1755 1889 1837 1972 τῇ
1855 1880 2188 1972 Ῥωμαίων
2214 1881 2383 1974 ἀρχῇ
2472 1926 2474 1947 .

471 1994 586 2063 καὶ
611 1994 856 2079 σεμνῆς
871 1994 1212 2076 βασιλείας
1231 1985 1613 2077 προστάτην
1626 1992 1893 2076 Νίγρον
1911 1989 2378 2071 ἐπεκαλοῦντο,

473 2103 758 2183 βοηθεῖν
781 2118 854 2160 τε
879 2087 1088 2168 αὐτὸν
1123 2087 1247 2178 τὴν
1272 2096 1587 2178 ταχίστην
1612 2087 1843 2179 ἠξίουν
1884 2085 1973 2171 ώς
2013 2090 2381 2180 ἐφύβριστα

411 2220 447 2273 4
475 2197 864 2283 πάσχουσιν.
971 2184 1060 2281 ἦν
1099 2192 1174 2261 δὲ
1221 2188 1259 2260 ὁ
1300 2200 1557 2283 Νίγρος
1592 2198 1729 2263 τῶν
1774 2192 1899 2281 μὲν
1950 2191 2078 2284 πρὸ
2131 2199 2381 2265 πολλοῦ

474 2296 1029 2381 ὑπατευσάντων,
1059 2292 1219 2363 καθ’
1254 2291 1335 2363 ὃν
1362 2295 1437 2363 δὲ
1464 2292 1701 2385 καιρὸν
1724 2294 1805 2364 τὰ
1833 2299 2278 2387 προειρημένα
2304 2300 2379 2366 ἐν
2405 2319 2451 2377 ²¹3

469 2399 678 2489 Ῥώμῃ
707 2398 1080 2488 ἐπράττετο,
1107 2405 1368 2487 Συρίας
1392 2395 1617 2486 ἡγεῖτο
1644 2399 1875 2487 πάσης.
1958 2398 2167 2490 πολλὴ
2197 2401 2274 2471 δὲ
2299 2392 2381 2488 ἦν

476 2507 590 2575 καὶ
617 2510 890 2592 μεγίστη
917 2498 1082 2591 ἀρχὴ
1113 2501 1296 2588 τότε,
1322 2508 1444 2571 τοῦ
1468 2530 1539 2571 τε
1566 2510 1908 2572 Φοινίκων
1934 2510 2181 2585 ἔθνους
2208 2530 2377 2573 παν-

475 2606 586 2688 τὸς
611 2608 724 2675 καὶ
750 2610 864 2694 τῆς
901 2608 1123 2694 μέχρις
1149 2602 1515 2695 Εὐφράτου
1548 2611 1669 2693 γῆς
1696 2601 1829 2675 ὑπὸ
1868 2613 1949 2697 τῇ
1975 2615 2243 2697 Νίγρου
2268 2605 2379 2677 ὄν-

418 2724 450 2779 5
479 2738 616 2781 των
650 2712 934 2799 ἐξουσίᾳ.
1039 2699 1124 2797 ἦν
1163 2708 1238 2777 δὲ
1266 2706 1463 2790 αὐτὸς
1488 2706 1610 2796 τὴν
1637 2709 1763 2799 μὲν
1786 2705 2055 2798 ἡλικίαν
2090 2708 2217 2800 ἤδη
2265 2738 2379 2799 με·

475 2822 673 2905 τρίως
714 2810 1177 2901 προβεβηκώς,
1221 2809 1661 2902 εὐδοκιμήσας
1700 2812 1775 2881 δὲ
1814 2815 1891 2881 ἐν
1943 2810 2217 2894 πολλαῖς
2268 2814 2379 2884 καὶ
2408 2827 2450 2868 ²⁵

477 2918 793 3008 μεγάλαις
819 2915 1111 3005 πράξεσι.
1169 2915 1355 3005 φήμη
1394 2944 1466 2985 τε
1508 2918 1663 3006 περὶ
1704 2912 1914 2985 αὐτοῦ
1954 2922 2260 3006 διεφοίτα
2297 2911 2382 2995 ὥς

479 3025 810 3100 ἐπιεικοῦς
837 3021 950 3087 καὶ
979 3021 1202 3101 δεξιοῦ
1227 3022 1339 3088 καὶ
1364 3017 1483 3088 τὸν
1507 3024 1629 3087 τοῦ
1656 3025 2069 3109 Περτίνακος
2092 3028 2245 3109 βίον
2272 3027 2377 3107 ζη-

478 3131 754 3203 λοῦντος
771 3145 786 3161 ·
815 3118 941 3211 ὑφ’
979 3112 1076 3191 ὧν
1101 3122 1383 3210 μάλιστα
1410 3128 1479 3192 οἰ
1492 3117 1793 3210 Ῥωμαῖοι
1820 3124 2196 3194 ἐπείθοντο.
2227 3123 2379 3193 ἐκά-

478 3238 644 3298 λουν
669 3252 741 3295 τε
767 3223 974 3295 αὐτὸν
1001 3231 1296 3312 συνεχῶς
1334 3226 1409 3295 ἐν
1447 3240 1589 3304 ταῖς
1626 3229 1747 3293 τοῦ
1790 3225 2007 3315 δήμου
2046 3225 2378 3311 συνόδοις,

478 3332 590 3399 καὶ
628 3333 1176 3418 βλασφημοῦντες
1213 3323 1335 3395 τὸν
1378 3324 1741 3397 Ἰουλιανόν
1778 3329 2075 3420 παρόντα
2116 3333 2374 3401 ἐκεῖνον
2404 3361 2445 3396 ³⁰

455 3482 462 3487 -
477 3439 850 3520 βασιλικαῖς
877 3445 1132 3516 φωναῖς
1161 3426 1512 3526 εὐφήμουν
1538 3426 1811 3500 ἀπόντα.

412 3558 447 3611 6
680 3529 1186 3619 διαγγελθείσης
1215 3532 1288 3601 δὲ
1314 3536 1429 3619 τῆς
1454 3537 1574 3603 τοῦ
1600 3533 1815 3623 δήμου
1834 3530 2169 3625 Ῥωμαίων
2200 3535 2374 3620 γνώ-
