2475 3859
503 158 628 222 108
1235 166 1674 229 TETAPTON

500 338 976 426 ἐπῃωρημένου
1002 334 1122 407 τὸν
1159 337 1409 429 ἐχθρὸν
1438 335 1793 427 ἠμυνάμην
1810 360 1825 377 ·
1870 344 2065 407 τοῦτο
2109 335 2247 427 γὰρ
2286 335 2409 407 αῦ-

436 460 469 515 7
500 447 592 533 τῷ
619 436 914 528 τοῦνομα
933 442 1165 511 ἐδίδου
1191 440 1275 511 τὰ
1301 449 1481 530 ἔργα.
1534 438 1703 529 ὑμᾶς
1735 440 1809 511 δὲ
1834 438 1957 529 χρὴ
1986 447 2263 531 πρῶτον
2294 442 2411 529 μὲν

493 554 682 624 θεοῖς
711 545 958 612 εἰδέναι
981 543 1177 634 χάριν
1203 540 1305 615 ὅτι
1346 539 1474 615 κάν
1508 543 1627 615 τὸν
1654 546 1884 633 ἕτερον
1908 540 2070 632 ὑμῖν
2110 550 2255 612 τῶν
2283 552 2405 632 βα-

496 649 738 717 σιλέων
769 652 1056 735 ἔσωσαν,
1097 646 1486 717 παύσασθαι
1516 649 1592 717 δὲ
1612 643 1742 736 ῆδη
1768 639 1884 728 τοὶςι
1908 644 2123 735 ψυχάς
2148 648 2274 715 καὶ
2302 644 2409 727 τὰς

495 748 762 838 γνώμας
787 751 1255 838 διῃρημένους,
1291 754 1355 832 ἐς
1382 753 1501 822 ἕνα
1528 750 1603 822 δὲ
1636 752 2000 839 βλέποντας
2026 747 2407 838 ἀμερίμνως
2430 776 2449 815 5

495 859 716 940 βιοῦν.
769 859 1116 939 βασιλείαν
1142 854 1218 923 δὲ
1246 850 1503 940 ὁΖεῦς,
1546 849 1769 941 ὥσπερ
1808 850 2007 933 αὐτὸς
2046 860 2181 940 ἔχει
2224 860 2409 922 θεῶν

494 954 734 1042 μόνος,
761 950 938 1025 οὕτω
971 959 1084 1027 καὶ
1111 954 1499 1047 ἀνθρώπων
1526 958 1625 1027 ἑνὶ
1654 952 1943 1027 δίδωσι.”
1996 962 2282 1026 τοιαῦτα
2316 962 2409 1025 εἰ-

493 1055 643 1127 πων
683 1057 936 1147 μεγάλῃ
981 1067 1142 1151 βοῇ,
1200 1066 1433 1149 θυμοῦ
1484 1061 2027 1148 πεπληρωμένος,
2082 1062 2407 1147 βλέμματι

495 1167 720 1248 δριμεῖ
743 1156 1022 1250 ἀφορῶν
1049 1166 1114 1243 ἐς
1141 1162 1299 1243 τοῦς
1327 1168 1591 1234 ἐκείνου
1634 1170 1909 1250 φίλους,
1946 1162 2311 1250 τρέμοντάς
2336 1188 2405 1229 τε

493 1264 606 1332 καὶ
635 1260 1012 1351 ὠχριῶντας
1036 1261 1193 1347 τοῦς
1220 1274 1570 1348 πλείστους
1594 1265 1997 1353 καταλιπών,
2026 1262 2405 1355 ἀνέδραμεν
2434 1288 2467 1327 1⁰

495 1369 560 1447 ἐς
586 1365 665 1435 τὰ
695 1374 1018 1455 βασίλεια.

425 1465 464 1525 6
701 1467 1017 1549 εῦθῦςδὲ
1043 1470 1283 1551 πάντες
1324 1469 1729 1560 ἐφονεύοντο
1768 1474 1840 1539 οἱ
1866 1472 2127 1539 ἐκείνου
2168 1476 2409 1539 οἰκεῖοί

493 1599 562 1641 τε
602 1575 714 1641 καὶ
755 1581 972 1661 φίλοι,
1015 1576 1129 1644 καὶ
1167 1580 1238 1643 oc
1272 1570 1461 1654 ὅντες
1510 1577 1585 1643 ἐν
1636 1588 1774 1653 τοῖς
1826 1579 2184 1662 βασιλείοις
2228 1580 2403 1642 ἔνθα

491 1678 742 1756 ἐκεῖνος
781 1674 966 1768 ᾤκει·
1022 1673 1347 1767 ὑπηρέται
1385 1704 1457 1745 τε
1497 1677 1737 1757 πάντες
1788 1672 2192 1767 ἀνῃροῦντο·
2238 1672 2407 1744 οὐδέ

490 1807 588 1861 τις
614 1770 701 1867 ἦν
728 1777 942 1866 φειδώ
971 1777 1261 1869 ἡλικίας,
1292 1777 1453 1849 οὐδὲ
1482 1783 1673 1868 μέχρι
1700 1788 1980 1868 νηπίων.
2012 1776 2091 1849 τὰ
2119 1778 2194 1849 δὲ
2216 1778 2399 1875 πτῷ-
2432 1810 2467 1850 15

489 1910 660 1970 ματα
707 1884 1045 1975 φερόμενα
1084 1882 1246 1973 μεθ’
1288 1878 1548 1973 ὕβρεως
1597 1880 1808 1971 πάσης
1860 1879 2133 1975 ἁμάξαις
2182 1885 2401 1952 έπιτεὲ

491 1988 700 2056 θέντα
727 1990 841 2057 καὶ
880 1991 1002 2071 ἔξω
1045 1996 1160 2076 τῆς
1203 1986 1459 2067 πόλεως
1497 1988 1901 2074 κομισθέντα
1941 1982 2245 2074 σωρηδὸν
2276 2012 2399 2054 κα-

432 2101 467 2152 2
494 2096 900 2178 τεπίμπρατο
942 2086 986 2177 ἢ
1013 2086 1285 2179 ὁπωσδὴ
1326 2092 1686 2179 ἐρρίπτετο.
1793 2084 2017 2169 οὐδεὶς
2057 2088 2131 2157 δὲ
2173 2115 2399 2174 περιε-

490 2192 718 2279 γένετο
747 2199 884 2263 τῶν
911 2188 1349 2283 κάνμετρίως
1376 2196 1613 2285 έκείνφ
1652 2195 2120 2280 γνωσθέντων.
2182 2189 2399 2280 ἀθλη-

489 2294 598 2362 ταὶ
618 2294 694 2363 δὲ
719 2298 831 2364 καὶ
859 2290 1113 2383 ἡνίοχοι
1139 2292 1503 2385 ὑποκριταί
1530 2323 1602 2364 τε
1632 2295 1843 2384 πάσης
1868 2294 2119 2384 μούσης
2138 2296 2249 2363 καὶ
2275 2291 2396 2383 ὀρ-
2426 2320 2469 2360 w

489 2395 774 2484 χήσεως,
811 2404 945 2467 πᾶν
978 2424 1049 2466 τε
1090 2394 1254 2485 ὅπερ
1283 2401 1535 2479 ἐκεῖνος
1562 2394 1657 2468 δι’
1700 2395 1949 2487 ἡδονῆς
1988 2405 2137 2485 ἔσχε
2178 2399 2401 2486 θέαμα

491 2527 532 2586 η
573 2494 910 2587 άκουσμα,
954 2506 1400 2591 διεφθείρετο.
1467 2506 1583 2589 τῆς
1625 2529 1696 2571 τε
1737 2500 2113 2591 συγκλήτου
2151 2508 2401 2589 βουλῆς

491 2597 636 2671 ὅσοι
675 2602 856 2688 γένει
895 2632 936 2691 η
983 2603 1253 2673 πλούτω
1291 2600 1677 2733 ὑπερεῖχον,
1720 2608 1828 2675 έπὶ
1867 2604 2309 2693 βραχυτάταις
2359 2599 2401 2691 ἦ

489 2701 644 2775 οὐδ’
689 2699 1107 2792 ῦφεστώσαις
1147 2714 1385 2788 αἰτίαις
1424 2712 1499 2777 ἐκ
1551 2716 1664 2796 τῆς
1701 2707 2029 2831 τυχούσης
2062 2712 2397 2796 διαβολῆς,

310 2832 326 2850 “
427 2828 464 2881 3
493 2836 582 2889 ως
632 2810 898 2877 ἐκείνου
951 2817 1173 2898 φίλοι,
1229 2807 1622 2900 ἀνῃροῦντο.
1737 2811 1860 2899 τήν
1910 2838 1981 2879 τε
2032 2810 2396 2897 Κομμόδου
2423 2838 2469 2878 25

489 2908 824 3000 ἀδελφήν,
855 2921 1221 3002 πρεσβῦτιν
1248 2910 1376 3003 ἤδη
1416 2915 1530 2983 καὶ
1568 2909 1734 3004 πρὸς
1772 2913 2043 2983 πάντων
2068 2916 2399 3001 βασιλέων

487 3010 578 3095 ὥς
612 3014 905 3105 Μάρκου
946 3020 1289 3104 θυγατέρα
1327 3019 1796 3104 τετιμημένην,
1840 3012 2263 3103 ἀπέκτεινεν,
2294 3022 2396 3085 αἰ-

485 3124 638 3187 τίαν
665 3117 1020 3207 ἐπαγαγῶν
1061 3116 1151 3200 ὥς
1180 3120 1569 3208 δακρυσάσῃ
1608 3117 1789 3208 παρὰ
1828 3126 1907 3209 τῇ
1948 3120 2147 3208 μητρὶ
2185 3115 2394 3188 αὐτοῦ

488 3220 598 3289 ἐπὶ
623 3226 718 3311 τῷ
748 3228 870 3290 τοῦ
903 3221 1140 3302 παιδὸς
1169 3222 1381 3310 φόνῳ.
1447 3222 1569 3309 τήν
1601 3248 1672 3290 τε
1710 3238 1998 3308 γυναῖκα
2025 3223 2393 3310 γενομένην

487 3322 765 3408 ἑαυτοῦ,
796 3328 1228 3393 Πλαυτιανοῦ
1257 3325 1619 3410 θυγατέρα,
1650 3316 1861 3393 οὖσαν
1881 3324 1956 3393 δὲ
1983 3328 2057 3393 ἐν
2087 3331 2388 3414 Σικελίᾳ,
2418 3352 2465 3393 ³⁰

486 3418 607 3490 τόν
637 3448 709 3491 τε
745 3419 1028 3504 ἀνεψιὸν
1055 3420 1265 3493 αὑτοῦ
1295 3424 1575 3515 Σεεήρῳ
1604 3452 1675 3494 τε
1702 3423 2093 3514 ὁμώνυμον,
2136 3428 2252 3494 καὶ
2279 3424 2394 3495 τὸν

483 3528 896 3611 Περτίνακος
932 3523 1117 3612 υἱόν,
1145 3531 1262 3614 τῆς
1294 3552 1363 3595 τε
1390 3527 1752 3615 Κομμόδου
1778 3525 2072 3615 ἀδελφῆς
2100 3535 2395 3597 Λουκίλ-
