2475 3859
995 151 1341 211 OI'AOON
2010 146 2131 209 199

201 329 338 394 τοῦ
375 323 770 414 ἐχρήσαντο,
807 326 1000 403 δίκας
1025 326 1323 413 πονηρᾶς
1360 317 1567 410 ἀρχῆς
1610 315 2019 409 ὑποσχόντες
2032 343 2049 358 ·
2088 316 2127 390 ὁ
2152 332 2191 393 6

205 427 294 496 δὲ
317 425 596 515 στρατὸς
621 433 750 507 πᾶς
777 421 869 506 ῶς
895 425 1190 496 ἐπύθετο
1225 423 1310 494 τὰ
1332 419 1709 513 ’γενόμενα,
1742 431 1821 494 ἐν
1854 451 1927 494 τε
1952 421 2137 512 ἀφα-

213 536 340 622 σίᾳ
370 521 546 618 ἦσαν
581 531 698 598 καὶ
737 525 824 598 οὗ
847 528 1032 598 πάνυ
1055 557 1122 598 τι
1159 535 1255 620 τῷ
1292 529 1665 617 πραχθέντι
1688 527 1935 608 πάντες
1972 524 2135 615 ἠρέ-
2192 593 2197 600 .

213 655 500 722 σκοντο,
523 634 641 702 καὶ
665 631 949 720 μάλιστά
973 659 1052 720 γε
1079 636 1152 701 οἱ
1169 637 1463 712 Παίονες
1488 633 1607 701 καὶ
1630 627 1779 700 ὅσοι
1805 629 2136 720 βάρβαροι

143 765 188 804 ⁵-
215 743 512 828 Θρᾷκες,
541 743 613 804 οἳ
633 737 751 804 καὶ
775 731 902 825 τὴν
925 731 1141 824 ἀρχὴν
1165 731 1351 826 αὐτῷ
1376 737 1929 824 ἐγκεχειρίκεσαν.
1958 731 2139 821 πλὴν

213 845 346 908 τοῦ
383 845 588 928 ἔργου
627 835 800 922 ἅπαξ
845 837 1200 926 γεγονότος
1248 833 1525 919 ἄκοντες
1546 840 1705 926 μέν,
1742 843 1993 927 ἔφερον
2020 838 2101 906 δέ
2115 857 2131 872 ·

213 939 478 1031 ἀνάγκη
509 969 582 1012 τε
611 931 702 1030 ἦν
726 940 1143 1030 συνήδεσθαι
1171 956 1313 1022 τοῖς
1338 951 1741 1029 πραχθεῖσιν
1769 937 2135 1030 ὑποκρινο-

213 1047 465 1134 μένοις.
568 1047 1021 1134 καταθέμενοί
1055 1071 1128 1114 τε
1165 1042 1249 1114 τὰ
1288 1041 1463 1114 ὅπλα
1502 1047 1579 1114 ἐν
1618 1049 1935 1137 είρηνικῷ
1972 1042 2135 1130 σχή-
2162 1053 2197 1104 2

216 1176 379 1237 ματι
403 1147 786 1239 προσῄεσαν
808 1163 948 1229 τοῖς
971 1154 1216 1236 τείχεσι
1253 1163 1391 1229 τοῖς
1418 1144 1865 1236 Ἀκυλησίων,
1896 1142 2141 1234 ἀγγέλ-

131 1285 184 1323 no
219 1261 453 1332 λοντες
475 1249 598 1321 τὸν
623 1250 842 1340 φόνον
866 1257 988 1320 τοῦ
1001 1254 1399 1340 Μαξιμίνου
1415 1273 1435 1289 ·
1460 1249 1579 1330 τὰς
1602 1250 1681 1320 δὲ
1706 1249 1924 1330 πύλας
1948 1246 2143 1318 ἀνοί-

221 1382 374 1444 γειν
390 1351 640 1444 ἱἠξίουν
654 1406 675 1442 ,
706 1356 1031 1442 δέχεσθαί
1054 1381 1128 1424 τε
1151 1360 1395 1442 φίλους
1434 1351 1595 1435 τούς
1632 1353 1797 1442 χθὲς
1832 1351 2141 1442 ἐχθρούς.

221 1463 296 1528 οἱ
313 1458 392 1528 δὲ
416 1465 556 1527 τῶν
588 1454 1008 1546 Ἀκυλησίων
1031 1458 1390 1546 στρατηγοὶ
1413 1454 1533 1537 τὰς
1558 1457 1687 1545 μὲν
1710 1456 1927 1538 πύλας
1951 1452 2143 1525 ἀνοτ-
2190 1507 2195 1514 -

219 1565 331 1644 ξαι
355 1557 482 1630 οὐκ
507 1563 912 1651 ἐπέτρεψαν,
947 1561 1319 1648 προθέντες
1346 1560 1422 1630 δὲ
1462 1557 1581 1639 τὰς
1618 1559 1883 1639 εἰκόνας
1916 1561 2145 1641 Μαξί-

223 1693 358 1754 μου
383 1666 498 1733 καὶ
526 1669 872 1752 Βαλβίνου
905 1665 1291 1752 Γορδιανοῦ
1315 1689 1391 1731 τε
1412 1668 1751 1749 Καίσαρος
1786 1661 2145 1750 στεφάνοις

129 1791 186 1832 ιε
223 1769 342 1837 καὶ
383 1767 674 1856 δάφναις
713 1767 1208 1854 κεκοσμημένας
1259 1756 1463 1835 αὐτοί
1489 1791 1563 1834 τε
1602 1761 1993 1853 εὐφήμουν,
2030 1764 2147 1832 καὶ

223 1868 384 1950 τοὺς
410 1867 810 1960 στρατιώτας
834 1865 1070 1956 ἠξίουν
1093 1875 1421 1959 γνωρίσαι
1452 1869 1569 1938 καὶ
1594 1865 1897 1937 ἀνειπεῖν
1924 1863 2145 1955 εὐφη-

223 1977 439 2062 μῆσαί
463 1999 538 2042 τε
561 1969 722 2052 τοὺς
755 1967 890 2042 ὑπὸ
923 1968 1265 2060 Ῥωμαίων
1301 1973 1417 2042 καὶ
1455 1969 1837 2060 συγκλήτου
1868 1966 2145 2040 ἀναδει-

227 2077 510 2165 χθέντας
535 2071 1054 2162 αὐτοκράτορας.
1155 2072 1575 2165 Γορδιανούς
1598 2074 1678 2144 δὲ
1703 2081 1937 2163 ἔλεγον
1962 2075 2141 2142 ἐκεί·
2169 2080 2206 2136 3

227 2205 392 2259 νους
421 2181 490 2259 ἐς
514 2175 812 2266 οὐρανὸν
837 2179 953 2247 καὶ
975 2174 1148 2248 θεὸν
1175 2173 1777 2268 ἀνακεχωρηκέναι.
1840 2174 2149 2264 προύθε-

127 2309 194 2350 20
231 2281 362 2352 σάν
392 2308 468 2352 τε
501 2276 674 2371 ὑπὲρ
717 2286 858 2350 τῶν
892 2286 1134 2369 τειχῶν
1170 2277 1461 2370 ἀγοράν,
1504 2277 1713 2352 ῶνιον
1746 2281 2151 2370 παρέχοντες

231 2384 530 2471 [πάντων
555 2390 694 2454 τῶν
721 2387 1140 2472 ἐπιτηδείων]
1167 2390 1445 2473 τροφῶν
1469 2411 1543 2454 τε
1566 2388 2018 2454 παντοδαπῶν
2034 2382 2150 2452 καὶ
2184 2446 2193 2454 .

229 2494 458 2560 ποτῶν
495 2484 879 2576 ἀφθονίαν,
929 2485 1213 2575 ἐσθῆτός
1249 2514 1322 2556 τε
1360 2489 1477 2558 καὶ
1512 2483 1996 2576 ὑποδημάτων,
2036 2485 2153 2554 καὶ

228 2588 356 2662 ὅσα
385 2589 670 2661 ἐδύνατο
695 2589 1014 2680 παρέχειν
1038 2592 1105 2671 ἐς
1126 2595 1368 2679 χρῆσιν
1395 2586 1787 2682 ἀνθρώποις
1812 2588 2005 2668 πόλις
2030 2583 2149 2656 εὖ-

229 2699 648 2783 δαιμονοῦσα
685 2694 801 2763 καὶ
851 2687 1251 2780 ἀκμάζουσα.
1356 2688 1525 2762 ὅθεν
1562 2694 1677 2764 καὶ
1716 2698 1971 2780 μᾶλλον
2008 2692 2149 2771 ἐξε-

127 2833 198 2874 25
235 2797 456 2886 πλάγη
483 2792 522 2866 ὁ
535 2795 862 2886 στρατός,
890 2795 1120 2876 συνεὶς
1145 2791 1251 2864 ὅτι
1278 2809 1419 2876 τοῖς
1450 2795 1573 2883 μὲν
1608 2793 1825 2864 πάντα
1850 2788 2149 2881 αὐτάρκη

231 2891 354 2990 ἦν,
381 2905 447 2970 εἰ
469 2901 584 2970 καὶ
609 2901 719 2970 ἐπὶ
745 2899 952 2970 πλέον
975 2904 1480 2985 πολιορκοῖντο,
1508 2894 1705 2966 αὐτοὶ
1745 2895 1823 2964 δὲ
1860 2898 1937 2964 ἐν
1975 2893 2152 2964 σπά-

231 3029 342 3074 νει
365 3002 641 3072 πάντων
664 3008 802 3071 τῶν
839 3004 1236 3089 ἐπιτηδείων
1278 3006 1533 3069 θᾶττον
1569 2994 1743 3088 (ἂν)
1770 2996 2153 3087 διεφθάρη-

233 3127 368 3176 σαν
395 3100 439 3194 ἦ
465 3100 648 3175 εἷλον
671 3103 890 3176 πάντα
917 3110 1204 3192 ἔχουσαν
1233 3102 1453 3172 πόλιν.
1486 3098 1523 3171 ὁ
1552 3102 1629 3172 δὲ
1654 3098 1931 3190 στρατὸς
1957 3107 2153 3189 ἔμενε

235 3206 422 3299 παρὰ
445 3224 584 3290 τοῖς
606 3214 928 3296 τείχεσιν,
957 3213 1130 3295 ἔχων
1153 3203 1236 3276 τὰ
1274 3203 1595 3297 χρειώδη,
1638 3200 1807 3295 ἅπερ
1842 3199 1973 3273 ἀπὸ
2013 3209 2152 3272 τῶν
2198 3261 2203 3270 .

135 3343 204 3386 ³⁰
235 3309 919 3401 τειχῶνέλάμβανον,
949 3306 1075 3380 ὅσα
1101 3311 1371 3392 ἕκαστος
1395 3308 1743 3398 ἐβούλετο·
1772 3304 2153 3396 διελέγοντό

235 3441 314 3486 τε
345 3411 676 3504 ἀλλήλοις.
723 3416 838 3485 καὶ
863 3403 951 3502 ἦν
979 3411 1247 3504 εἰρήνης
1272 3411 1399 3502 μὲν
1422 3413 1539 3483 καὶ
1566 3417 1797 3502 φιλίας
1826 3407 2152 3496 διάθεσις,

2176 2699 2213 2753 a>
