2475 3859
485 134 568 195 60
1211 136 1661 199 AEYTEPON

426 332 462 386 6
485 310 598 379 καὶ
623 308 934 403 δυσβάτῳ
961 308 1211 397 φράξας
1227 309 1351 399 τὴν
1376 307 1587 400 ἀρχὴν
1614 306 2031 400 ώχυρώσατο.
2075 305 2250 379 ὅθεν
2276 309 2393 380 τὸν

481 418 790 504 Σευῆρον
828 412 1190 496 προσιόντα
1219 413 1727 501 πυνθανόμενοι
1766 412 1913 481 τότε
1943 410 2103 500 μετὰ
2142 414 2386 483 τοσού-

481 542 600 587 του
625 522 910 605 στρατοῦ
945 515 1210 597 εἰκότως
1238 516 1661 605 ἐταράττοντο
1688 522 1779 609 τῷ
1808 514 2005 605 ἀήθει
2021 522 2141 585 τοῦ
2169 516 2391 605 πράγ-

478 642 712 707 ματος·
743 614 900 688 οὔτε
928 618 1002 687 δὲ
1021 615 1405 707 ἀντιστῆναι
1430 613 1475 707 ἢ
1500 626 1795 689 κωλῦσαι
1822 619 2135 707 ἐτόλμων,
2166 614 2389 707 ὑπήν-

476 749 616 791 των
643 721 718 791 δὲ
757 726 1353 811 δαφνηφοροῦντες
1390 724 1503 791 καὶ
1540 721 1780 802 πύλαις
1811 718 2386 809 ἀναπεπταμέναις
2410 754 2429 793 ι

397 857 412 877 ⁸
480 826 806 912 ἐδέχοντο.
859 818 898 893 ὃ
927 824 1001 893 δὲ
1031 830 1347 895 τοσοῦτον
1376 820 1745 895 ἀνεπαύετο
1772 821 1933 894 ὅσον
1958 832 2392 915 καλλιερῆσαί

476 954 550 997 τε
573 928 686 995 καὶ
713 926 868 1008 τούς
893 928 1142 1017 δήμους
1159 943 1569 1019 προσειπεῖν,
1584 930 1651 1009 ἐς
1668 927 1745 997 δὲ
1768 926 1890 1015 τὴν
1913 924 2163 1018 Ῥώμην
2188 926 2386 1017 ῆπεί-

399 1088 413 1095 -
477 1058 649 1119 γετο.

411 1150 444 1205 7
680 1128 772 1214 ὥς
787 1131 1086 1202 δὲταῦτα
1103 1138 1195 1225 τῷ
1209 1130 1549 1225 Ἰουλιανῷ
1568 1130 1901 1221 ἄπηγγέλλ
1909 1159 2036 1221 ετο,
2052 1137 2125 1202 ἐν
2144 1133 2382 1224 ἐσχάτῃ

475 1233 852 1325 ἀπογνώσει
877 1226 982 1323 ἦν,
1012 1241 1134 1304 τοῦ
1161 1235 1285 1324 μὲν
1304 1232 1673 1325 Ἰλλυρικοῦ
1702 1242 1985 1323 στρατοῦ
2012 1234 2135 1324 τὴν
2166 1233 2378 1307 δύνα-
2408 1264 2441 1303 r·

473 1368 592 1429 μιν
620 1336 831 1409 καὶτὸ
861 1345 1120 1426 πλῆθος
1147 1335 1450 1426 ἀκούων,
1480 1336 1636 1408 οὔτε
1668 1338 1744 1409 δὲ
1770 1346 1862 1431 τῷ
1890 1339 2077 1432 δήμῳ
2106 1340 2380 1409 πιστεύ-

475 1470 604 1530 ων,
653 1443 796 1512 ἐπεὶ
832 1448 1178 1530 μεμίσητο,
1218 1438 1375 1511 οὔτε
1418 1456 1553 1521 τοῖς
1592 1441 2021 1530 στρατιώταις
2072 1450 2374 1531 θαρρῶν,
2464 1446 2473 1525 ⁸.

473 1540 591 1627 οὒς
617 1552 919 1629 ἕψευστο.
984 1544 1283 1633 χρήματα
1310 1541 1393 1633 δὴ
1428 1545 1640 1614 πάντα
1680 1542 2015 1633 ἀθροίζων
2040 1541 2123 1613 τά
2150 1572 2224 1613 τε
2250 1574 2374 1615 αυ-

472 1654 594 1719 τοῦ
619 1651 732 1719 καὶ
756 1645 936 1737 παρὰ
964 1654 1098 1717 τῶν
1127 1655 1377 1736 φίλων,
1408 1650 1519 1717 καὶ
1542 1657 1610 1716 εἴ
1626 1674 1775 1717 τινα
1800 1639 1907 1737 ἦν,
1935 1650 2009 1716 ἐκ
2038 1652 2377 1737 δημοσίων

471 1754 585 1821 καὶ
621 1757 822 1843 ίερων
851 1750 1074 1819 τόπων
1104 1749 1498 1841 λαμβάνων,
1524 1766 1671 1831 τοῖς
1698 1749 2124 1838 στρατιώταις
2150 1754 2373 1821 διανέ-
2399 1772 2434 1812 ¹⁵

409 1883 446 1938 8
470 1882 622 1945 μειν
646 1860 986 1945 ἐπειρᾶτο,
1017 1880 1106 1935 ως
1132 1883 1218 1923 αν
1252 1854 1559 1942 κτήσαιτο
1583 1851 1707 1942 τὴν
1736 1882 2008 1925 ευνοιαν
2034 1850 2285 1923 αὐτων.
2316 1862 2379 1925 οἳ

469 1961 578 2047 δέ,
607 1966 824 2029 καίτοι
867 1956 1119 2045 μεγάλα
1157 1957 1641 2046 λαμβάνοντες,
1684 1957 1877 2047 χάριν
1912 1952 2039 2026 οὐκ
2078 1952 2359 2046 ᾔδεσαν·
2474 1917 2475 1998 1

464 2058 732 2151 ὄφλημα
760 2058 884 2150 γὰρ
915 2056 1123 2128 αὐτὸν
1145 2056 1503 2150 ςᾶποτίνειν
1538 2056 1684 2128 ἀλλ’
1730 2056 1813 2129 οὐ
1842 2056 2105 2149 δωρεὰν
2136 2061 2364 2131 διανέ-
2472 2017 2475 2128 λ

466 2191 620 2252 μειν
651 2167 1042 2252 ἐλογίζοντο.

670 2262 706 2335 ὅ
747 2266 822 2335 δὲ
862 2259 1247 2351 Ἰουλιανός,
1290 2270 1503 2333 καίτοι
1543 2263 2145 2353 συμβουλευόντων
2182 2260 2365 2357 αύτῷ
2394 2302 2436 2341 m

463 2374 601 2439 τῶν
627 2374 848 2455 φίλων
890 2371 1234 2455 ἐξαγαγεῖν
1274 2366 1348 2436 τὸ
1391 2368 1864 2457 στρατιωτικὸν
1902 2370 2017 2438 καὶ
2050 2366 2133 2438 τὰ
2170 2366 2367 2437 στενὰ

461 2478 600 2541 τῶν
624 2469 932 2541 ’Ἄλπεων
971 2479 1500 2560 προκαταλαβεῖν
1524 2510 1629 2522 -—
1659 2476 1933 2561 μέγιστα
1974 2474 2195 2541 ἐκεῖνα
2220 2468 2365 2561 ὅρη,

463 2575 577 2643 καὶ
604 2570 712 2644 οἷα
744 2570 868 2643 οὐκ
905 2570 1070 2643 ἄλλα
1098 2576 1172 2643 ἐν
1190 2581 1271 2665 τῇ
1301 2571 1461 2644 καθ’
1495 2571 1662 2663 ἡμᾶς
1681 2580 1787 2665 γῇ,
1817 2578 1891 2643 ἐν
1920 2582 2179 2661 τείχους
2206 2574 2367 2661 σχή-
2474 2575 2475 2582 '

461 2704 616 2766 ματι
655 2683 1020 2766 περίκειται
1052 2679 1165 2747 καὶ
1201 2676 1647 2767 προβέβληται
1682 2675 1989 2764 Ἰταλίας,
2017 2678 2131 2745 καὶ
2172 2685 2363 2746 τοῦτο

459 2777 623 2869 μετὰ
650 2787 764 2868 τῆς
791 2776 992 2869 ἄλλης
1020 2776 1449 2869 εὐδαιμονίας
1476 2778 1937 2871 παρασχούσης
1962 2787 2076 2867 τῆς
2094 2779 2357 2868 φύσεως
2384 2813 2437 2864 3⁸³⁵

451 2878 874 2970 Ἰταλιώταις,
903 2890 1116 2973 ἔρυμα
1141 2880 1475 2973 ἄρρηκτόν
1509 2910 1579 2952 τε
1608 2886 1721 2953 καὶ
1750 2936 1767 2952 .
1799 2937 1814 2952 .
1844 2879 2071 2952 αὐτῶν
2113 2890 2359 2971 προβε·

458 2992 784 3075 βλῆσθαι,
839 2983 969 3055 άπὸ
1021 2990 1138 3073 τῆς
1174 2982 1477 3079 άρκτώας
1524 2986 1863 3074 θαλάσσης
1894 2986 2005 3054 ἐπὶ
2044 2981 2167 3073 τὴν
2200 2982 2364 3075 πρὸς

395 3110 431 3163 9
458 3096 874 3179 μεσημβρίαν
913 3091 1298 3177 βλέπουσαν
1344 3095 1597 3177 διῆκον.
1704 3084 1852 3156 ἀλλ’
1886 3084 2049 3157 οὐδὲ
2083 3094 2198 3175 τῆς
2236 3086 2363 3156 πό-

456 3202 622 3272 λεως
648 3200 1011 3281 προελθεῖν
1034 3187 1389 3273 Ἰουλιανὸς
1418 3190 1655 3279 ἐτόλμα
1672 3213 1686 3229 ·
1716 3191 2039 3280 διέπεμπε(
2074 3216 2182 3277 τε,
2220 3194 2355 3257 τῶν

455 3300 877 3381 στρατιωτῶν
903 3291 1217 3380 δεόμενος
1244 3288 1639 3376 ὁπλίζεσθαί
1656 3320 1729 3361 τε
1746 3294 1857 3361 καὶ
1879 3291 2353 3382 γυμνάζεσθαι,
2387 3330 2435 3371 ³⁰

453 3392 584 3483 πρὸ
612 3396 690 3465 δὲ
715 3402 832 3481 τῆς
863 3393 1118 3473 πόλεως
1145 3393 1444 3483 τάφρους
1480 3395 1875 3484 διορύττειν.
1911 3397 2023 3464 καὶ
2048 3394 2172 3483 τὴν
2196 3391 2435 3499 πρὸς

453 3503 764 3586 Σεεῆρον
785 3498 1014 3585 [μάχην
1057 3526 1147 3577 ως
1183 3500 1259 3567 ἐν
1305 3505 1386 3589 τῇ
1421 3494 1609 3571 πόλει
1660 3500 2097 3589 ποιησόμενος
2136 3530 2345 3596 παρε-
2474 3539 2475 3542 “
