2475 3859
958 151 1249 211 EKTON
1934 149 2057 213 159

129 329 288 394 κῶν
325 324 442 393 καὶ
484 320 1032 411 μιξοβαρβάρων,
1079 319 1213 392 ἀπό
1252 347 1435 402 τινος
1474 321 1728 412 κώμης,
1778 318 1869 404 ὥς
1906 325 2055 394 ἕλε’-

131 455 334 516 γετο,
361 426 688 516 πρότερον
715 425 840 514 μὲν
867 429 943 496 ἐν
968 426 1160 495 παιδὶ
1197 432 1606 514 ποιμαίνων,
1653 429 1727 496 ἐν
1770 423 1949 517 ἀκμῇ
1978 427 2057 497 δὲ

131 537 258 619 τῆς
285 526 546 619 ἡλικίας
572 529 926 617 γενόμενος
971 525 1084 599 διὰ
1122 531 1411 617 μέγεθος
1441 531 1556 598 καὶ
1595 527 1792 618 ἰσχὺν
1828 529 2057 618 σώμα-

130 661 252 714 τος
277 637 346 714 ἐς
371 631 528 712 τοὺς
555 631 958 712 ίππεύοντας
993 629 1402 720 στρατιώτας
1440 639 1830 722 καταταγείς
1846 686 1866 723 ,
1913 631 2055 702 εἶτα

61 768 94 810 ³
131 733 290 806 κατ’
333 732 566 824 ὀλίγον
607 731 817 805 αὐτὸν
853 733 1393 825 χειραγωγούσης
1436 741 1553 825 τῆς
1590 736 1791 825 τύχης
1830 734 2055 806 ἐλθών

134 838 256 910 διὰ
283 837 494 926 πάσης
529 838 771 920 τάξεως
803 844 1309 926 στρατιωτικῆς,
1352 833 1441 918 ὥς
1476 842 1945 929 στρατοπέδων
1978 865 2053 908 τε

134 945 524 1030 ἐπιμέλειαν
560 948 698 1010 τῶν
735 944 962 1011 ἐθνῶν
1007 969 1079 1011 τε
1123 932 1327 1028 άρχᾶς
1364 950 1827 1031 πιστευθῆναι.
1931 939 2051 1012 τὸν
2078 955 2113 1007 2

135 1043 226 1133 δὴ
253 1047 636 1132 Μαξιμῖνον
661 1051 900 1114 τοῦτον
929 1042 1040 1113 δια
1059 1042 1184 1132 τὴν
1209 1048 1701 1134 προειρημένην
1728 1067 2053 1134 στρατιω-

135 1145 336 1236 τικὴν
365 1150 714 1235 ἐμπειρίαν
751 1143 788 1218 ὁ
820 1143 1249 1237 Ἀλέξανδρος
1274 1149 1591 1237 ἐπέστησε
1617 1147 1797 1239 πάσῃ
1823 1155 1905 1239 τῇ
1930 1155 2053 1218 τοῦ

57 1283 102 1322 ιο
135 1257 430 1342 στρατοῦ
465 1256 770 1342 νεολαία,
813 1278 904 1330 ως
945 1247 1178 1337 ἀσκοίη
1216 1277 1290 1318 τε
1326 1244 1574 1332 αὐτους
1611 1248 1693 1320 τὰ
1729 1274 2053 1339 στρατιω-

135 1351 294 1424 τικὰ
318 1355 432 1422 καὶ
463 1356 532 1434 ἐς
555 1351 630 1422 τὸ
666 1361 981 1441 πολεμεῖν
1008 1355 1425 1441 ἐπιτηδείους
1452 1354 1957 1443 παρασκευάζοι.
2012 1349 2053 1422 ὃ

136 1458 218 1527 δὲ
255 1454 418 1544 μετὰ
457 1457 668 1544 πάσης
707 1459 1081 1544 ἐπιμελείας
1124 1456 1521 1544 ποιούμενος
1560 1455 1642 1527 τὰ
1687 1461 2051 1546 ἐγκεχειρι-

135 1562 350 1648 σμένα
390 1555 666 1630 εὔνοιαν
709 1557 966 1647 πολλὴν
1002 1557 1182 1649 παρὰ
1219 1565 1357 1629 τῶν
1394 1567 1816 1650 στρατιωτῶν
1856 1559 2049 1648 ἐκτή-

135 1685 334 1750 σατο,
365 1659 448 1732 οὐ
495 1661 704 1750 μόνον
745 1663 1084 1733 διδάσκων
1125 1658 1375 1742 αὐτους
1413 1660 1495 1732 τὰ
1532 1665 1836 1751 ποιητέα,
1879 1659 2049 1733 ἀλλὰ

57 1795 102 1836 15
135 1768 254 1836 καὶ
281 1781 420 1846 τοῖς
457 1771 678 1854 ἔργοις
711 1765 983 1837 πάντων
1009 1765 1544 1854 προηγούμενος,
1590 1763 1679 1846 ὥς
1705 1763 1795 1854 μὴ
1819 1776 2048 1854 μαθη-

132 1867 254 1950 τὰς
299 1867 469 1937 εἶναι
513 1869 722 1957 μόνον
765 1864 934 1938 ἄλλα
979 1869 1092 1937 καὶ
1129 1866 1418 1956 ζηλωτὰς
1465 1871 1579 1940 καὶ
1613 1867 1893 1957 μιμητὰς
1930 1874 2045 1956 τῆς

133 1975 404 2043 ἐκείνου
431 1967 759 2062 ἀνδρείας.
839 1979 938 2042 ἔτι
961 1998 1032 2040 τε
1058 1973 1170 2040 καὶ
1197 1967 1439 2061 δώροις
1463 1969 1709 2052 αὐτοὺς
1732 1973 1846 2041 καὶ
1870 1997 2045 2042 παν·
2071 1990 2107 2043 3

133 2080 460 2154 τοδαπαῖς
481 2091 702 2162 τιμαῖς
735 2071 1130 2168 ᾠκειώσατο.
1186 2069 1357 2144 ὅθεν
1394 2080 1464 2144 οἱ
1490 2083 1753 2146 νεανίαι
1770 2127 1791 2162 ,
1832 2078 1907 2144 ἐν
1946 2068 2047 2155 οἷς

135 2169 226 2266 ἦν
251 2168 328 2248 τό
355 2177 530 2247 πολὺ
555 2184 812 2266 πλῆθος
823 2178 1144 2248 Παιόνων
1170 2177 1484 2265 μάλιστα,
1504 2184 1585 2269 τῇ
1614 2178 1739 2266 μὲν
1764 2175 2046 2270 ἀνδρείᾳ

61 2311 102 2351 ιο
137 2287 266 2351 τοῦ
292 2283 682 2369 Μαξιμίνου
707 2288 1008 2372 ἔχαιρον,
1036 2278 1156 2351 τὸν
1181 2281 1259 2350 δὲ
1290 2278 1727 2371 Ἀλέξανδρον
1752 2282 2047 2351 ἐπέσκω-

133 2411 308 2454 πτον
335 2379 424 2465 ὦς
453 2380 586 2454 ὑπὸ
611 2391 728 2473 τῆς
751 2410 824 2453 τε
849 2383 1096 2473 μητρὸς
1121 2379 1511 2472 ἀρχόμενον,
1526 2386 1642 2453 καὶ
1660 2387 2044 2472 διοικουμέ-

133 2515 282 2556 νων
297 2492 434 2555 τιὸν
452 2487 857 2576 πραγμάτων
885 2483 1006 2556 ’ὑπ’
1039 2490 1307 2579 ἐξουσία
1322 2514 1395 2556 τε
1420 2489 1535 2559 καὶ
1550 2484 1784 2578 γνώμῃ
1801 2515 2043 2575 γυναι-

131 2588 274 2677 κός,
303 2589 628 2680 ῥᾳθύμως
651 2617 724 2660 τε
749 2592 864 2661 καὶ
887 2586 1238 2678 ἀνάνδρως
1264 2605 1401 2672 τοῖς
1428 2599 1809 2678 πολεμικοῖς
1833 2611 2041 2680 προσ-

131 2694 520 2782 φερομένου
561 2696 846 2764 ἐκείνου.
895 2689 1401 2781 ὑπεμίμνησκον
1438 2693 1515 2762 δὲ
1554 2690 1883 2781 ἀλλήλους
1908 2699 2043 2762 τῶν

64 2829 102 2871 5
137 2821 215 2864 τε
241 2791 378 2864 ὑπὸ
405 2811 547 2876 ταῖς
573 2793 922 2876 ἀνατολαῖς
961 2793 1074 2865 διὰ
1110 2797 1429 2883 μέλλησιν
1460 2793 1673 2866 αὐτοῦ
1712 2793 2041 2883 πταισμά-

130 2925 296 2985 των,
323 2895 506 2967 wast
467 2925 570 2968 οτι
586 2899 798 2987 μηδὲν
823 2895 1138 2986 ἀνδρεῖον
1161 2898 1333 2987 μηδὲ
1352 2897 1667 2968 νεανικὸν
1690 2899 2039 2986 παρέχοιτο

129 3003 203 3082 ἐς
225 2999 618 3089 Γερμανοὺς
644 3000 886 3072 ἐλθών.
989 3027 1178 3082 οντες
1209 2992 1339 3071 οὖν
1378 3003 1493 3071 καὶ
1518 2997 1731 3082 αλλως
1745 3000 1937 3128 ,πρὸς
1961 2998 2037 3070 τὸ
2063 3017 2101 3070 4

130 3119 564 3192 καινοτομεῖν
591 3105 980 3193 ἐπιτήδειοι,
1013 3106 1127 3174 καὶ
1151 3103 1226 3174 τὸ
1269 3104 1393 3192 μὲν
1432 3101 1653 3193 παρὸν
1694 3109 1809 3192 τῆς
1834 3101 2039 3193 ἀρχῆς

129 3204 316 3296 βαρυ
356 3205 472 3276 διὰ
505 3213 713 3296 μῆκος
754 3211 1054 3290 ἐξουσίας
1088 3203 1451 3296 ἡγούμενοι
1488 3204 1766 3296 ἀκερδές
1799 3233 1872 3276 τε
1908 3203 2041 3295 ἤδη

67 3345 100 3386 ιιι
129 3308 350 3398 πάσης
391 3311 948 3399 προανηλωμένης
975 3317 1383 3400 φιλοτιμίας,
1426 3307 1499 3380 τὸ
1537 3311 1613 3380 δὲ
1650 3311 1899 3398 μέλλον
1926 3311 2043 3380 καὶ

127 3409 418 3502 προσιὸν
445 3418 512 3494 ἔς
537 3439 610 3483 τε
635 3410 710 3482 τὸ
735 3415 1096 3502 κερδαλέον
1120 3410 1349 3495 αὐτοῖς
1376 3408 1607 3484 εὔελπι
1630 3414 1745 3484 καὶ
1767 3419 1862 3506 τῷ
1879 3440 2043 3482 κτω-

126 3519 316 3610 μένῳ
344 3514 524 3604 παρὰ
551 3521 962 3609 προσδοκίαν
983 3518 1202 3604 τίμιόν
1217 3543 1293 3586 τε
1311 3518 1425 3587 καὶ
1440 3516 2041 3608 περισπούδαστον,
