2475 3859
853 163 1278 252 ΕΒᾼοΜοΝ
1886 157 2005 220 187

89 363 166 406 τε
193 337 406 404 ποτοῦ
433 333 546 401 καὶ
572 334 798 425 ἐνδείᾳ
837 337 1134 423 ῥείθρων
1159 330 1407 414 αὐτοὺς
1438 332 2003 422 παραστήσασθαι.

91 435 586 528 προσπεσόντες
613 426 739 505 οὖν
765 443 902 506 πᾶν
940 435 1014 506 τὸ
1054 433 1245 525 ὕδωρ
1285 441 1407 506 τοῦ
1446 438 1899 527 στρατοπέδου
1939 438 2005 516 ἐς
2039 454 2073 506 4

94 545 291 630 ἕτερα
321 543 564 627 ῥεῖθρα
588 541 1069 628 μετοχέτευον,
1101 539 1530 621 ἐκκόπτοντες
1546 541 1659 608 καὶ
1692 537 2009 627 είσφράτ-

93 669 321 723 τοντες
350 639 466 722 τὰς
491 645 558 738 ἐς
583 640 658 711 τὸ
698 642 1150 731 στρατόπεδον
1191 642 1491 723 εἰσόδους
1532 640 1763 712 αὐτοῦ.
1828 646 1899 712 οί
1934 643 2009 710 δὲ

97 751 498 834 στρατιῶται
525 741 814 834 ὁρῶντες
838 746 956 817 τὸν
980 751 1311 816 κίνδυνον
1349 747 1465 816 καὶ
1512 749 1587 815 ἐν
1628 742 2009 833 ἀπογνώσει

94 849 468 938 γενόμενοι,
490 847 606 930 τὰς
633 848 846 930 πύλας
873 847 1255 932 ἀνοίξαντες
1274 851 1675 938 ἐπεξῆλθον·
1704 850 1911 938 μάχης
1937 875 2009 918 τε

95 957 423 1042 καρτερᾶς
439 953 802 1041 γενομένης
819 955 931 1024 καὶ
957 959 1178 1040 φυγῆς
1203 959 1341 1022 τῶν
1366 958 1677 1042 δημοτῶν
1702 953 1810 1022 ἐπὶ
1836 950 2008 1021 πολὺ

93 1061 214 1144 τῆς
242 1054 496 1136 πόλεως
527 1055 882 1138 διώκοντες
908 1061 979 1124 οἱ
998 1077 1389 1143 στρατιοται
1420 1054 1831 1144 προύβησαν.
1862 1056 2005 1124 ἐπεὶ
2036 1069 2067 1122 5

101 1158 180 1227 δὲ
205 1163 278 1227 οἱ
309 1153 496 1246 ὄχλοι
531 1173 672 1238 ταῖς
699 1158 1038 1248 συστάδην
1063 1157 1297 1247 μάχαις
1324 1155 1711 1248 ἡττώμενοι,
1748 1154 2009 1244 ἀναπη-

65 1267 352 1340 ιδῶντες
377 1262 445 1341 ἐς
487 1259 567 1330 τὰ
607 1262 904 1350 δωμάτια
941 1270 1035 1354 τῷ
1073 1289 1146 1331 τε
1183 1263 1449 1355 κεράμῳ
1488 1262 1843 1350 βάλλοντες
1882 1257 2012 1329 αύ-

99 1363 263 1444 τούς
289 1365 402 1432 καὶ
427 1371 648 1434 λίθων
672 1373 902 1453 βολαῖς
927 1372 1063 1434 τῶν
1089 1392 1160 1434 τε
1203 1363 1427 1434 ἄλλων
1472 1362 1818 1454 ὀστράκων
1855 1368 2011 1433 ἐλυ-

102 1471 444 1556 μαίνοντο,
473 1469 886 1556 ἐπαναβῆναι
911 1468 1036 1556 μὲν
1063 1464 1292 1550 αὐτοῖς
1318 1466 1410 1536 δι’
1442 1465 1723 1556 ἄγνοιαν
1748 1473 1890 1536 τῶν.
1910 1473 2013 1536 οἰ-

101 1569 368 1658 κήσεων
389 1567 518 1639 οὐκ
543 1569 912 1660 ἐτόλμησαν
955 1576 1027 1640 οἱ
1061 1577 1487 1660 στρατιῶται,
1527 1571 2013 1657 κεκλεισμένων

103 1674 182 1742 δὲ
205 1679 346 1740 τῶν
371 1679 606 1744 οἰκιῶν
629 1676 744 1744 καὶ
770 1681 908 1743 τῶν
934 1677 1388 1763 ἐργαστηρίων
1415 1690 1557 1752 ταῖς
1581 1672 1861 1760 θύραις,
1901 1674 2014 1740 καὶ

65 1803 76 1842 s
107 1786 178 1845 εἴ
195 1803 374 1857 τινες
387 1766 560 1864 ἦσαν
584 1777 803 1861 ξύλων
819 1780 1051 1866 -ἐξοχαί
1081 1779 1347 1862 (πολλαὶ
1372 1779 1451 1847 δὲ
1476 1767 1673 1848 αὗται
1698 1772 1867 1845 κατὰ
1891 1772 2015 1862 τὴν

103 1878 354 1966 πόλιν),
383 1887 520 1969 πῦρ
547 1888 1055 1970 προσετίθεσαν.
1159 1883 1367 1972 ῥᾷστα
1392 1881 1469 1951 δὲ
1496 1877 1607 1950 διὰ
1634 1876 2012 1966 πυκνότητα
2044 1891 2079 1945 6

103 1989 244 2051 τῶν
284 1991 648 2054 συνοικιῶν
689 1987 952 2066 ξυλείας
988 2011 1060 2053 τε
1115 1992 1376 2072 πλῆθος
1415 1982 1789 2071 ἐπάλληλον
1826 1982 2017 2070 μέγι-

105 2106 270 2154 στον
295 2088 494 2174 μέρος
516 2093 631 2174 τῆς
657 2087 913 2167 πόλεως
949 2086 1023 2156 τὸ
1053 2093 1189 2177 πῦρ
1231 2086 1560 2176 ἐνεμήθη,
1605 2083 1693 2166 ὥς
1729 2082 2018 2165 πολλοὺς

107 2188 234 2276 μὲν
261 2191 336 2257 ἐκ
361 2197 706 2260 πλουσίων
732 2198 1004 2279 ποιῆσαι
1019 2193 1323 2278 πένητας,
1354 2187 1813 2278 ἀποβαλόντας
1836 2196 2018 2256 θαυ-

67 2325 78 2362 v
107 2288 328 2380 μαστὰ
359 2293 474 2360 καὶ
501 2289 858 2382 ἀμφιλαφῆ
885 2293 1198 2382 κτήματα,
1221 2301 1297 2362 ἔν
1321 2321 1393 2362 τε
1420 2292 1777 2383 προσόδοις
1804 2300 2017 2361 πλου-

106 2399 286 2473 σίαις
311 2396 426 2463 καὶ
450 2397 526 2464 ἐν
552 2402 822 2486 ποικίλῃ
849 2404 1243 2488 πολυτελείᾳ
1269 2404 1469 2485 τίμια.
1515 2395 1775 2483 πλῆθός
1800 2421 1872 2464 τε
1893 2391 2016 2464 ἀν·
2048 2407 2081 2462 7

103 2496 412 2585 θρώπων
434 2502 1018 2588 συγκατεφλέχθη,
1053 2515 1301 2588 φυγεῖν
1326 2498 1415 2588 μὴ
1444 2501 1883 2587 δυνηθέντων
1908 2495 2023 2567 διὰ

106 2596 184 2670 τὸ
213 2597 332 2681 τὰς
358 2602 624 2683 ἐξόδους
648 2598 782 2672 ὑπὸ
823 2609 946 2671 τοῦ
984 2602 1200 2692 πυρός
1241 2609 1839 2692 προκατειλῆφθαι.
1898 2597 2022 2668 ού-

107 2708 252 2772 σίαι
277 2730 352 2774 τε
375 2699 526 2774 ὅλαι
551 2711 896 2776 πλουσίων
921 2701 1192 2796 ἀνδρῶν
1219 2706 1703 2795 διηρπάγησαν,
1742 2707 2022 2792 ἐγκατα-

71 2831 80 2868 ⁵
107 2804 446 2893 μιξάντων
471 2806 754 2889 ἑαυτοὺς
777 2824 917 2888 τοῖς
940 2808 1370 2896 στρατιώταις
1406 2807 1574 2898 πρὸς
1600 2805 1674 2875 τὸ
1706 2802 2023 2891 ἁρπάζειν

105 2908 514 2998 κακούργων
543 2913 657 2980 καὶ
685 2908 974 2981 εὐτελῶν
999 2917 1324 3000 δημοτῶν.
1378 2916 1697 2980 τοσοῦτον
1724 2908 1801 2976 δὲ
1826 2909 2022 2996 μέρος

108 3019 230 3099 τῆς
257 3012 510 3094 πόλεως
547 3011 624 3083 τὸ
660 3022 798 3104 πῦρ
839 3015 1206 3104 ἐλυμήνατο
1248 3011 1337 3095 ῶς
1373 3019 1703 3101 μηδεμίαν
1732 3015 1871 3080 τῶν
1902 3036 2021 3098 με·-

111 3122 370 3204 γίστων
393 3117 656 3188 πόλεων
683 3113 1052 3209 ὁλόκληρον
1081 3117 1421 3188 δύνασθαι
1448 3122 1539 3208 τῷ
1579 3117 1767 3204 μέρει
1794 3115 2022 3196 ἐξισω-

111 3223 348 3306 θῆναι.

73 3363 78 3386 ·
327 3326 442 3394 καὶ
481 3321 564 3394 τὰ
597 3323 722 3412 μὲν
754 3322 922 3393 κατὰ
961 3320 1086 3411 τὴν
1108 3319 1361 3412 Ῥώμην
1398 3327 1673 3391 τοιαῦτα
1708 3310 1830 3406 ἦν,
1871 3313 1909 3387 ὅ
1948 3315 2025 3386 δὲ
2050 3337 2086 3391 8

113 3430 492 3515 Μαξιμῖνος
529 3423 782 3507 ἀνύσας
817 3423 940 3515 τὴν
977 3423 1372 3515 ὁδοιπορίαν
1398 3427 1634 3512 ἐπέστη
1675 3437 1813 3502 τοῖς
1854 3425 2128 3508 τῆςῖᾗῶζῗ,

105 3529 386 3615 Ἰταλίας
429 3529 648 3623 ὅροις,
687 3531 910 3612 θύσας
947 3557 1020 3600 τε
1069 3533 1179 3602 ἐπὶ
1223 3535 1363 3599 τῶν
1399 3535 1741 3620 μεθορίων
1780 3529 2028 3614 βωμῶν
