2475 3859
122 1766 206 1817 ,15

1035 131 1392 194 ΟΓΔΟΟΝ
2042 135 2156 200 195

235 301 316 374 δὲ
341 297 526 395 αὐτῷ
553 307 963 393 προσβαλεῖν
989 297 1253 384 ευθέως
1276 298 1405 372 οὐκ
1434 306 1651 388 ἔδοξε·
1694 311 2045 393 μείναντες
2082 307 2158 378 δὲ

237 410 366 490 ἔξω
390 404 786 494 τοξεύματος
811 407 926 476 καὶ
953 407 1411 495 διαιρεθέντες
1427 435 1595 478 κατα
1624 406 1861 496 λόχους
1879 411 1993 520 καὶ
2020 410 2156 499 φά-

237 501 490 598 acerras
515 509 674 599 περὶ
697 514 835 580 πᾶν
861 505 936 578 τὸ
975 523 1222 597 τεῖχος,
1268 504 1359 590 ὥς
1402 509 1705 591 ἑκάστοις
1740 505 1909 582 κατά
1954 515 2155 601 μέρος

237 613 716 703 προστέτακτο,
749 617 902 699 μιᾶς
927 606 1176 702 ἡμέρας
1213 607 1793 704 αναπαυσάμενοι,
1840 622 1966 685 τοῦ
2008 624 2153 686 λοι-

239 721 376 786 ποῦ
408 725 666 804 εἴχοντο
693 721 810 805 τῆς
843 722 1251 803 πολιορκίας.

441 817 736 908 μηχανάς
763 845 836 888 τε
863 807 991 887 οὖν
1015 823 1339 899 παντοίας
1364 821 1823 909 προσέφερον,
1868 822 1981 890 καὶ
2015 848 2153 890 τει-

237 927 684 1011 χομαχοῦντες
735 921 936 992 παντὶ
985 923 1220 991 σθένει
1272 917 1481 992 οὐδὲν
1528 925 1933 1013 παρέλειπον
1982 922 2155 1005 εἶδος

239 1032 644 1113 πολιορκίας.
747 1030 1014 1096 πολλῶν
1051 1024 1129 1094 δὲ
1160 1024 1275 1094 καὶ
1316 1023 1557 1112 σχεδὸν
1596 1025 1873 1115 ἑκάστης
1909 1022 2155 1114 ἡμέρας
2182 1048 2215 1103 7

240 1129 618 1218 γινομένων
630 1134 1044 1218 προσβολῷν,
1065 1129 1180 1197 καὶ
1202 1124 1451 1209 παντὸς
1476 1134 1599 1198 τοῦ
1624 1137 1911 1219 στρατοῦ
1932 1126 2155 1216 ὥσπερ

241 1230 780 1320 σαγηνεύσαντος
805 1228 930 1318 τὴν
955 1230 1176 1318 πόλιν,
1205 1229 1371 1319 μετὰ
1397 1238 1653 1322 πολλῆς,
1669 1239 1821 1321 βιάς
1845 1234 1959 1302 καὶ
1986 1259 2157 1323 προ-

239 1334 473 1423 θύμου
501 1334 710 1423 μάχης
748 1339 1291 1422 τειχομαχοῦντες
1320 1331 1627 1423 ἀντεῖχον
1664 1341 1735 1405 oc
1756 1333 2155 1423 Ἀκυλήσιοι,

241 1436 412 1518 νεώς
438 1437 562 1526 μὲν
589 1439 702 1506 καὶ
727 1442 942 1517 οἰκίας
967 1433 1515 1524 ἀποκλείσαντες,
1556 1441 1891 1528 πανδημεὶ
1918 1439 1995 1508 δὲ
2020 1435 2155 1527 ἅμα

241 1542 577 1611 παισὶκαὶ
603 1541 914 1628 γυναιξὶν
941 1535 1214 1608 ἄνωθεν
1240 1543 1307 1622 ἐξ
1346 1539 1686 1622 ἐπάλξεων
1720 1568 1791 1610 τε
1827 1543 1939 1610 καὶ
1976 1541 2153 1630 πύρ-

240 1671 386 1733 γων
413 1639 904 1732 ἀπομαχόμενοι
921 1663 936 1678 ·
972 1637 1138 1710 οὐδέ
1161 1669 1261 1721 τις
1291 1637 1505 1724 οὕτως
1535 1633 1623 1732 ἦν
1652 1640 1976 1732 ἄχρηστος
2006 1639 2155 1732 ἡλι-

243 1755 358 1818 κία
385 1743 475 1828 ὥς
500 1744 590 1836 μὴ
625 1748 921 1835 μετέχειν
950 1751 1068 1833 τῆς
1094 1740 1265 1836 ὑπὲρ
1304 1751 1419 1833 τῆς
1446 1751 1765 1834 πατρίδος
1788 1745 2015 1835 μάχης.
2072 1745 2152 1816 τὰ
2179 1764 2215 1818 8

239 1851 367 1942 μὲν
393 1847 520 1940 γὰρ
551 1848 946 1939 προάστεια,
974 1850 1090 1917 καὶ
1115 1857 1186 1919 εἴ
1214 1876 1281 1917 τι
1315 1855 1453 1917 τῶν
1486 1855 1725 1919 πυλῶν
1762 1852 2017 1932 ἔξωθεν
2042 1840 2152 1937 ἦν,

241 1951 379 2024 ὑπὸ
405 1959 528 2023 τοῦ
555 1958 944 2040 Μαξιμίνου
973 1957 1261 2040 στρατοῦ
1290 1953 1772 2040 κατέστραπτο,
1811 1958 1892 2042 τῇ
1930 1979 2001 2022 τε
2034 1955 2155 2034 ξυ-

243 2064 394 2149 λεία
445 2061 582 2126 τῶν
647 2053 1198 2144 οἰκοδομημάτων
1248 2056 1317 2135 ἐς
1366 2052 1481 2135 τὰς
1532 2053 1830 2143 μηχανὰς
1881 2057 2153 2125 κατεκέ-

244 2187 510 2249 χρηντο.
614 2158 950 2248 ἐβιάζοντο
977 2156 1054 2226 δὲ
1077 2162 1204 2226 τοῦ
1229 2165 1489 2246 τείχους
1524 2153 1657 2226 κᾶν
1695 2159 1893 2247 μέρος
1927 2185 1991 2227 τι
2028 2186 2154 2227 κα-

245 2271 513 2350 θελεῖν,
543 2257 636 2332 ἵν’
669 2257 1084 2332 ἐπεισελθὼν
1111 2255 1145 2330 ὁ
1173 2258 1450 2352 στρατὸς
1476 2260 1693 2330 πάντα
1719 2287 1791 2330 τε
1818 2259 2153 2351 διαρπάσῃ

244 2368 360 2438 καὶ
385 2363 808 2446 κατασκάψας
833 2359 958 2454 τὴν
984 2362 1182 2433 πόλιν
1207 2362 1577 2452 μηλόβοτον
1604 2365 1717 2433 καὶ
1757 2371 2007 2455 ἔρημον
2029 2361 2155 2452 τὴν

242 2469 472 2560 χώραν
498 2474 894 2559 καταλείπῃ·
925 2463 1234 2555 οὐδὲγὰρ
1264 2464 1479 2547 ἄλλως
1508 2463 1693 2561 αὐτῷ
1719 2465 1843 2556 τὴν
1868 2469 1979 2538 ἐπὶ
1996 2463 2155 2536 Ῥώ-

243 2601 381 2664 μην
412 2569 576 2644 ὃδὸν
609 2568 910 2662 εὐπρεπῆ
939 2569 1052 2639 καὶ
1085 2573 1360 2653 ἔνδοξον
1386 2576 1683 2658 ἔσεσθαι,
1709 2569 1799 2660 μὴ
1820 2597 1944 2658 της
1968 2568 2155 2658 πριό-

243 2705 362 2767 της
415 2679 489 2747 ἐν
541 2671 781 2767 Ἰταλία
844 2671 1100 2753 πόλεως
1157 2669 1551 2763 άντιστάσης
1611 2679 2151 2762 καθαιρεθείσης.

243 2778 648 2868 ὑποσχέσεσί
672 2805 744 2848 τε
771 2766 898 2847 οὖν
931 2780 1208 2863 δωρεῶν
1233 2779 1347 2846 καὶ
1384 2775 1689 2865 δεήσεσιν
1718 2771 1917 2856 αὐτός
1940 2802 2015 2846 τε
2040 2775 2153 2844 καὶ
2179 2795 2214 2849 9

245 2882 282 2956 ὁ
312 2882 460 2965 υἱὸς
485 2877 730 2969 αὐτοῦ,
759 2876 842 2950 ὃν
865 2877 1214 2966 πεποιήκει
1240 2885 1567 2968 Καίσαρα,
1585 2878 2072 2968 περιθέοντες“
2040 2903 2154 2948 ιπ-
2251 2889 2256 2926 f

245 3015 398 3068 ποις
423 2983 893 3075 ἐποχούμενοι,
919 2977 1040 3052 τὸν
1069 2981 1355 3070 στρατὸν
1390 2979 1755 3052 ἀνέπειθον
1784 2987 2154 3071 λιπαροῦν-

247 3118 356 3172 τες
381 3093 447 3170 ἐς
479 3095 874 3180 προθυμίαν
897 3113 974 3156 τε
997 3087 1384 3175 ἐγείροντες.
1438 3087 1511 3154 οἱ
1532 3083 1608 3154 δὲ
1642 3079 2022 3173 Ἀκυλήσιοι
2046 3089 2154 3153 λί-

247 3205 402 3274 θοις
427 3219 500 3262 τε
528 3198 810 3282 ἔβαλλον
837 3185 1130 3278 ανωθεν,
1169 3191 1285 3260 καὶ
1319 3213 1681 3278 κιρνωντες
1714 3192 1887 3279 θείω
1926 3214 1999 3257 τε
2038 3188 2153 3256 καὶ

247 3294 566 3388 ἀσφάλτω
603 3300 840 3366 πίτταν
889 3290 1114 3362 ἔλαιόν
1151 3319 1257 3381 τε,
1296 3297 1547 3372 κοίλοις
1584 3288 1895 3361 σκεύεσιν
1947 3292 2153 3380 ἐμβα-

247 3399 476 3480 λόντες
507 3396 714 3486 λαβὰς
743 3395 1081 3485 ἐπιμήκεις
1122 3401 1347 3486 ἔχουσι
1375 3395 1491 3464 καὶ
1516 3392 1979 3520 πυρώσαντες,
2020 3420 2153 3482 αμα

245 3529 338 3572 τω
359 3500 838 3594 προσπελάζειν
852 3511 990 3581 τοῖς
1001 3503 1243 3588 τείχεσι
1270 3496 1389 3571 τὸν
1414 3494 1699 3590 στρατὸν
1710 3496 2153 3570 κατεσκεδάν-

1714 3614 1841 3677 13*
