2475 3859
387 164 468 225 22
665 142 680 153 ‘
1174 162 1534 226 ΠΡΩΤΟΝ

385 346 640 431 κρίσιν·
670 339 784 407 καὶ
820 338 1159 426 λυσαμένη
1197 335 1325 427 τὴν
1352 336 1569 426 ζώνην
1612 336 1915 423 ἐπαφῆκε
1952 339 2035 423 τῇ
2074 334 2318 431 πρώρᾳ
2442 328 2444 331 ⁴

384 449 500 532 τῆς
525 440 727 528 νεώς,
757 442 1289 531 προσευξαμένη,
1336 448 1399 510 εἰ
1437 442 1776 530 παρθένος
1819 448 1921 526 εἴη
1962 440 2075 507 καὶ
2114 434 2315 527 ἁγνή,

327 560 358 613 5
389 552 754 635 πεισθῆναι
781 543 855 613 τὸ
883 544 1157 632 σκάφος.
1264 547 1514 636 ῥᾳδίως
1544 543 1620 613 δὲ
1658 548 1773 631 τῆς
1802 541 2009 630 ζώνης
2037 543 2311 633 ἐξηρτη-

385 654 586 741 μένης
621 644 662 737 ἡ
705 654 872 727 ναῦς
905 644 1405 737 ἠκολούθησεν·
1450 643 1622 737 ὁμοῦ
1668 646 1743 715 δὲ
1782 644 1857 715 τὸ
1898 646 2169 735 ἐναργὲς
2192 652 2319 734 τῆς

386 758 558 825 θεοῦ
584 748 782 819 καὶτὸ
797 749 1046 839 σεμνὸν
1059 757 1174 840 τῆς
1189 753 1541 841 παρθένου
1560 746 1863 839 Ῥωμαῖοι
1892 748 2311 837 ἐθαύμασαν.
2350 763 2377 803 5

587 858 876 923 τοσαῦτα
913 854 1038 943 μὲν
1081 852 1164 943 δὴ
1191 859 1307 943 τῆς
1331 860 1862 933 Πεσσινουντίας
1898 860 2072 923 θεοῦ
2112 862 2311 943 φιλο-

386 957 736 1048 τιμότερον
763 957 1140 1048 ἱστορήσθω
1156 1009 1176 1044 ,
1219 953 1346 1027 οὐκ
1373 955 1612 1048 ἄχαριν
1640 959 1869 1039 ἕξοντα
1896 963 2149 1043 γνῶσιν
2172 972 2318 1036 τοῖς

387 1059 468 1131 τὰ
498 1058 838 1149 Ῥωμαίων
863 1058 989 1129 οὐκ
1029 1059 1459 1151 ἀκριβοῦσιν·
1508 1057 1543 1130 ὁ
1585 1060 1660 1130 δὲ
1702 1059 2055 1149 Κόμμοδος
2095 1063 2313 1149 ἐκφυ-

390 1164 532 1254 γών
556 1162 682 1254 τὴν
707 1166 1074 1254 Ματέρνου
1101 1164 1503 1255 ἐπιβουλήν,
1534 1170 1801 1234 πλείονί
1822 1190 1894 1232 τε
1922 1166 2075 1254 περὶ
2106 1159 2319 1233 αὑτὸν

392 1272 626 1394 ἐχρῆτο
655 1273 922 1359 φρουρᾷ
951 1270 1062 1337 καὶ
1099 1275 1398 1347 σπανίως
1436 1264 1573 1347 τοῖς
1612 1266 1847 1356 δήμοις
1886 1268 2308 1357 ἐπεφαίνετο,
2358 1286 2399 1326 1⁰

390 1371 471 1441 τὰ
499 1381 774 1441 πλεῖστα
803 1372 878 1439 ἐν
907 1377 1324 1461 προαστείοις
1351 1372 1463 1439 καὶ
1496 1387 1636 1451 τοῖς
1674 1367 1995 1461 ἀπωτέρω
2034 1374 2150 1461 τῆς
2188 1369 2313 1439 πό-

392 1485 560 1555 λεως
587 1482 955 1563 βασιλικοῖς
981 1473 1265 1563 κτήμασι
1294 1479 1682 1562 διατρίβων,
1712 1474 1887 1542 nal*
1852 1472 2091 1544 εαυτόν
2119 1480 2311 1544 δικα-
2450 1466 2457 1661 ι

395 1586 688 1668 στηρίων
715 1574 1058 1668 ἀπείργων
1084 1580 1199 1646 καὶ
1240 1583 1607 1665 βασιλικων
1634 1576 1957 1665 πράξεων.
2454 1662 2456 1665 ⁴

301 1679 374 1739 12
600 1683 853 1768 συνέβη
896 1681 971 1749 δὲ
1013 1678 1164 1749 κατ’
1210 1681 1429 1749 ἐκεῖνο
1470 1685 1709 1770 καιροῦ
1762 1679 2058 1767 λοιμώδη
2112 1678 2319 1749 νόσον
2446 1692 2459 1831 ,l

394 1800 749 1873 κατασχεῖν
775 1782 899 1872 τὴν
931 1781 1214 1853 Ἰταλίαν
1230 1805 1248 1819 ·
1284 1783 1565 1872 μάλιστα
1594 1783 1668 1852 δὲ
1694 1780 1769 1852 τὸ
1798 1783 2017 1863 πάθος
2042 1787 2123 1871 τῇ
2158 1778 2313 1850 Ῥω-
2356 1801 2398 1842 15
2456 1832 2458 1835 ι

395 1896 614 1977 μαίων
641 1885 832 1956 πόλει
859 1885 1158 1977 ἤκμασεν
1185 1883 1300 1957 ἅτε
1337 1884 1855 1980 πολυανθρώπω
1882 1914 1955 1955 τε
1984 1883 2151 1973 οῦσῃ
2181 1883 2315 1974 φύ-
2458 1908 2461 1985 y

396 2010 499 2060 σει
527 1988 824 2070 καὶτοὺς
851 1990 1279 2079 πανταχόθεν
1316 1987 1812 2078 ὑποδεχομένη,
1857 1989 2069 2079 πολλή
2112 1990 2190 2057 τέ
2220 2014 2322 2067 τις
2458 2002 2460 2011 “

337 2108 372 2159 2
403 2092 634 2183 φθορὰ
662 2096 924 2182 ἐγένετο
961 2089 1347 2180 ὑποζυγίων
1385 2090 1519 2181 ἅμα
1559 2094 1669 2161 καὶ
1709 2090 2115 2182 ἀνθρώπων.
2168 2091 2320 2162 τότε

293 2193 466 2265 2-1885
493 2196 878 2285 Κόμμοδος,
908 2194 1564 2283 συμβουλευσάντων
1588 2193 1769 2287 αὐτῷ
1796 2202 2005 2265 τινών
2046 2200 2318 2285 ἰατρῶν,

401 2304 466 2380 ἐς
491 2297 614 2388 τὴν
639 2298 1031 2386 Λαύρεντον
1059 2296 1513 2388 ἀνεχώρησεν·
1560 2295 2049 2388 εῦψυχέστερον
2082 2296 2209 2387 γὰρ
2238 2294 2319 2369 ὂν
2351 2320 2400 2361 2⁰

397 2401 474 2473 τὸ
500 2410 749 2491 χωρίον
773 2403 887 2469 καὶ
925 2408 1259 2488 μεγίστοις
1292 2402 1650 2471 κατάσκιον
1692 2400 2155 2491 δαφνηφόροις
2198 2399 2319 2470 ἅλ-

400 2525 621 2589 σεσιν,
665 2500 833 2574 ὅθεν
871 2507 984 2573 καὶ
1024 2501 1098 2572 τὸ
1143 2502 1355 2593 ὄνομα
1380 2510 1472 2598 τῷ
1500 2512 1755 2598 χωρίῳ,
1785 2505 2117 2595 σωτήριον
2144 2503 2321 2575 εἶναι

401 2608 652 2693 ἐδόκει,
683 2610 796 2676 καὶ
825 2605 990 2699 πρὸς
1015 2605 1140 2695 τὴν
1164 2613 1287 2676 τοῦ
1314 2604 1507 2699 ἀέρος
1534 2606 1808 2697 φθορὰν
1834 2606 2139 2696 ἀντέχειν
2175 2610 2318 2678 ἐλέ-

401 2740 554 2800 γετο
584 2708 834 2801 εὐωδίᾳ
861 2738 934 2780 τε
959 2715 1074 2798 τῆς
1098 2715 1238 2779 τών
1266 2716 1547 2799 δαφνών
1565 2708 1909 2802 ἀποφορᾶς
1936 2714 2048 2781 καὶ
2074 2717 2155 2800 τῇ
2183 2716 2322 2781 τών

403 2818 710 2903 δένδρων
734 2810 930 2906 ἡδείᾳ
958 2816 1132 2903 σκιᾷ.
1180 2810 1351 2883 ἀλλὰ
1378 2817 1489 2883 καὶ
1524 2820 1593 2883 οἰ
1613 2813 1778 2883 κατὰ
1805 2813 1929 2904 τὴν
1954 2815 2173 2900 πόλιν,
2202 2842 2315 2884 κε-
2350 2830 2401 2873 25

402 2918 742 2989 λευόντων
784 2922 922 2987 τῶν
962 2921 1243 3003 ἰατρῶν,
1296 2918 1515 3007 μύρου
1570 2912 2058 2987 εὐωδεστάτουο
2081 2917 2197 2998 τάς
2246 2945 2321 2987 τε

402 3020 764 3110 ὀσφρήσεις
802 3021 915 3089 καὶ
953 3017 1036 3087 τὰ
1076 3010 1213 3088 ώτα
1255 3023 1787 3109 ἐνεπίμπλασαν,
1827 3021 2213 3111 θυμιάμασί
2246 3048 2321 3090 τε

402 3126 514 3195 καὶ
543 3122 844 3212 ἀρώμασι
873 3127 1168 3210 συνεχῶς
1196 3125 1505 3212 ἐχρῶντο,
1537 3123 1935 3212 φασκόντων
1960 3130 2169 3194 τινῶν
2194 3121 2321 3213 τὴν

405 3226 699 3297 εὐωδίαν
726 3226 1089 3315 φθάσασαν
1117 3227 1523 3313 ἐμπιπλάναι
1561 3224 1718 3306 τοῦς
1756 3227 2007 3316 πόρους
2046 3234 2183 3298 τῶν
2210 3234 2317 3297 αἰ-

402 3327 719 3417 σθήσεων
769 3331 882 3399 καὶ
939 3327 1231 3398 κωλύειν
1284 3331 1599 3416 δέχεσθαι
1659 3328 1733 3399 τὸ
1786 3336 2145 3421 φθορωδες
2194 3336 2318 3401 τοῦ
2350 3358 2397 3400 an

404 3426 700 3539 ἀέρος,’“
657 3458 700 3518 η
732 3438 795 3502 εἰ
818 3436 938 3500 καί
968 3458 1032 3499 τι
1072 3433 1510 3521 προεμπέσοι,
1546 3433 2065 3559 κατεργάζεσθαι
2104 3433 2313 3502 δυνά-

404 3560 514 3623 μει
541 3540 889 3627 κρείττονι.
925 3531 1102 3622 πλὴν
1126 3524 1399 3605 0236&st
1356 3560 1555 3624 ηττον
1580 3564 1621 3625 η
1648 3537 1845 3618 νόσος
1870 3538 1979 3606 ἐπὶ
2008 3544 2317 3605 πλεῖστον
