2475 3859
971 139 1399 201 ΕΒΔΟΜΟΝ
2032 139 2147 203 163

221 308 458 400 λαβῶν
480 307 608 400 τὴν
639 308 850 401 ἀρχὴν
891 310 1150 401 πολλὴν
1189 312 1311 401 τὴν
1348 309 1727 402 μεταβολὴν
1768 313 2143 406 ἐποιήσατο,

223 412 601 503 τραχύτατα
641 417 754 484 καὶ
782 413 948 504 μετὰ
986 423 1237 486 πολλοῦ
1282 416 1505 506 φόβου
1542 421 1623 506 τῇ
1660 419 1930 510 ἐξουσίᾳ
1967 420 2147 509 χρῶ-

225 543 466 605 μενος,
511 525 586 588 ἔκ
623 545 696 588 τε
735 525 1012 607 πραείας
1045 521 1159 588 καὶ
1194 515 1377 610 πάνυ
1417 517 1671 609 ἡμέρου
1711 527 2049 609 βασιλείας
2078 526 2145 605 ἐς

225 626 634 709 τυραννίδος
662 617 964 710 ῶμότητα
993 621 1307 711 μετάγειν
1332 619 1547 692 πάντα
1586 625 1893 713 ἐπειρᾶτο
1910 677 1929 712 ,
1972 630 2145 695 δυσ·-

159 756 194 796 5
233 726 508 812 μένειαν
561 726 776 818 ἐαυτῷ
815 725 1174 814 συνειδώς,
1215 721 1319 795 ὅτι
1372 731 1630 815 πρῶτος
1687 729 1753 808 ἐξ
1810 723 2144 810 εὐτελείας

225 833 348 915 τῆς
381 826 653 916 ἐσχάτης
678 831 744 909 ἐς
770 828 1100 917 τοσαύτην
1125 828 1333 917 τύχην
1372 825 1599 917 ἤλασε.
1710 828 1913 917 φύσει
1952 832 2027 901 δὲ
2056 822 2143 920 ἦν
2167 849 2205 902 2

221 927 304 998 τὸ
341 918 544 1018 ἦθος,
581 926 803 1021 ῶσπερ
831 933 942 1000 καὶ
971 929 1046 1000 τὸ
1074 934 1303 1021 γένος,
1330 930 1668 1022 βάρβαρος
1685 955 1699 968 ·
1742 932 1817 1002 τό
1843 961 1915 1004 τε
1943 962 2142 1022 φονι-

225 1031 356 1102 κὸν
383 1033 662 1123 πάτριον
700 1041 870 1122 ἔχων
913 1037 1024 1104 καὶ
1063 1033 1451 1124 ἐπιχώριον,
1492 1034 1817 1124 πρόνοιαν
1856 1039 2141 1108 ἐποιεῖτο

227 1131 328 1205 δι’
361 1132 692 1224 ὠμότητος
719 1136 844 1226 τὴν
869 1134 1082 1226 ἀρχὴν
1106 1143 1505 1227 βεβαιῶσαι,
1550 1135 1790 1220 δεδιώς
1826 1137 1920 1228 μή
1958 1168 2023 1210 τι
2060 1147 2142 1230 τῇ

135 1272 194 1314 10
231 1238 584 1331 συγκλήτῳ
601 1241 864 1320 καὶτοῖς
889 1237 1210 1329 ὑπηκόοις
1238 1237 1819 1331 εὐκαταφρόνητος
1846 1244 2140 1335 γένηται,

225 1337 355 1412 οὐκ
384 1345 450 1424 ἐς
475 1340 597 1430 τὴν
623 1350 974 1432 παροῦσαν
1001 1341 1210 1413 αὐτοῦ
1237 1343 1448 1432 τύχην
1474 1341 1860 1435 ἀφορῶσιν,
1888 1341 2042 1416 ἀλλ’
2074 1349 2141 1429 ἐς

223 1442 310 1514 τὰ
334 1450 450 1533 τῆς
485 1446 859 1534 γεννήσεως
897 1443 1132 1535 εὐτελῆ
1157 1446 1529 1535 σπάργανα.
1594 1449 1969 1539 τεθρύλητο
2009 1446 2139 1538 γάρ

225 1545 411 1636 παρὰ
442 1555 602 1619 πᾶσι
629 1552 741 1619 καὶ
770 1552 1194 1639 διεβέβλητο,
1236 1546 1339 1619 ὅτι
1376 1548 1461 1637 δὴ
1492 1557 1869 1638 ποιμαίνων
1896 1555 1971 1621 ἐν
2002 1567 2140 1633 τοῖς

227 1658 548 1743 Θρᾳκίοις
585 1648 850 1742 ὄρεσιν,
893 1651 1164 1734 ἐπιδούς
1201 1679 1274 1722 τε
1312 1649 1523 1722 αὐτὸν
1554 1651 1667 1722 διὰ
1704 1656 1989 1742 μέγεθος
2025 1656 2140 1724 καὶ

133 1787 189 1828 15
225 1752 424 1841 ἰσχύν
458 1755 760 1842 σώματος
803 1757 869 1836 ἐς
915 1751 1152 1843 εὐτελῆ
1195 1755 1309 1824 καὶ
1353 1751 1711 1844 ἐπιχώριον
1761 1764 2135 1846 στρατείαν,

221 1853 360 1927 ὑπὸ
386 1863 502 1945 τῆς
519 1858 718 1947 τύχης
732 1859 841 1928 ἐπὶ
855 1856 979 1946 τὴν
996 1855 1334 1948 Ῥωμαίων
1351 1854 1563 1947 ἀρχὴν
1586 1858 2134 1949 κεχειραγῶγητο.

225 1955 486 2040 εὐθέως
523 1952 650 2030 οὖν
685 1961 841 2042 τούς
875 1988 947 2031 τε
985 1969 1226 2050 φίλους
1266 1961 1547 2049 πάντας,
1588 1969 1661 2030 οἳ
1696 1968 1998 2050 συνῆσαν
2038 1969 2132 2055 τῷ
2158 1989 2194 2044 3

215 2059 630 2156 Ἀλεξάνδρῳ
657 2063 984 2153 σύνεδροί
1007 2069 1120 2149 [τε]
1149 2060 1285 2134 ὑπὸ
1325 2070 1440 2153 τῆς
1470 2063 1847 2153 συγκλήτου
1886 2071 2135 2155 βουλῆς

225 2169 688 2254 ἐπιλεχθέντες
703 2219 722 2254 ,
753 2164 1282 2255 ἀπεσκευάσατο,
1312 2169 1425 2236 καὶ
1451 2161 1571 2249 οὓς
1596 2167 1721 2255 μὲν
1747 2170 1813 2248 ἐς
1835 2165 1961 2256 τὴν
1976 2165 2137 2240 Ῥῶ-

131 2309 192 2350 2⁰
225 2297 363 2358 μην
389 2265 756 2358 ἀπέπεμψε,
773 2269 957 2352 τινὰς
971 2272 1046 2341 δὲ
1061 2272 1171 2340 ἐπὶ
1201 2269 1535 2361 προφάσει
1562 2269 1951 2358 διοικήσεως
1969 2269 2135 2343 ἀπε-

221 2379 523 2459 σείσατο,
560 2373 762 2461 μόνος
803 2373 974 2442 εἶναι
1011 2373 1421 2463 βουλόμενος
1460 2375 1535 2443 ἐν
1582 2380 1675 2465 τῷ
1718 2382 1975 2469 στρατῷ
2022 2379 2136 2446 καὶ

221 2477 480 2564 μηδένα
497 2473 678 2568 αὐτῷ
698 2493 1007 2565 παρεῖναι
1027 2481 1100 2546 ἐκ
1113 2476 1561 2564 συνειδήσεως
1580 2474 1899 2564 εὐγενοῦς
1908 2485 2133 2566 κρείτ-
2240 2516 2249 2533 -·

219 2605 420 2665 τονα,
450 2575 599 2648 ἀλλ’
631 2575 721 2648 ἵν’
757 2575 980 2667 ῶσπερ
1023 2582 1088 2662 ἐξ
1129 2577 1584 2669 ἀκροπόλεως,
1620 2579 1909 2668 μηδενὸς
1947 2579 2132 2674 αὐτῷ

221 2681 554 2771 παρόντος
581 2672 634 2776 ᾦ
659 2684 888 2772 νέμειν
913 2687 1081 2752 αἰδῶ
1101 2679 1401 2772 ἀνάγκην
1416 2689 1574 2771 ἔχοι,
1596 2696 1733 2764 τοῖς
1752 2689 1868 2771 τῆς
1882 2711 2133 2774 τυραν-

129 2825 192 2867 25
224 2790 416 2866 νίδος
457 2791 675 2875 ἔργοις
714 2784 1029 2873 σχολάζοι.
1107 2785 1231 2874 τήν
1270 2813 1341 2854 τε
1384 2791 1759 2875 θεραπείαν
1794 2793 2047 2874 πᾶσαν,
2085 2782 2129 2874 ἢ
2160 2810 2195 2863 4

221 2888 620 2976 συγγεγόνει
639 2895 730 2981 τῷ
771 2885 1180 2981 Ἀλεξάνδρῳ
1209 2888 1547 2960 τοσούτων
1578 2891 1767 2975 ἐτῶν,
1796 2895 1912 2977 τῆς
1936 2897 2132 2978 βασι-

221 2997 416 3060 λείου
447 2981 657 3080 αὐλῆς
683 2989 1047 3080 ἀπέπεμψε.
1107 2989 1265 3074 τοὺς
1293 2991 1369 3060 δὲ
1395 2997 1747 3070 πλείστους
1766 2988 1993 3062 αὐτῶν
2017 2994 2133 3062 καὶ

223 3089 634 3182 ἀπέκτεινεν,
664 3093 1020 3185 ἐπιβουλὰς
1043 3091 1447 3165 ὑποπτεύων
1463 3115 1479 3131 ·
1506 3090 1657 3184 ᾔδει
1684 3091 1813 3185 γὰρ
1841 3091 2131 3184 ἀλγοῦν-

220 3223 340 3278 τας
366 3199 476 3268 ἐπὶ
502 3203 582 3288 τῇ
617 3200 881 3269 ἐκείνου
913 3194 1271 3289 ἀναιρέσει.

129 3337 188 3378 ao
403 3307 527 3372 “ἔτι
568 3300 644 3370 δὲ
694 3303 808 3372 καὶ
849 3309 1102 3389 μᾶλλον
1143 3298 1353 3372 αὐτὸν
1391 3304 1459 3382 ἐς
1500 3295 1802 3390 ὠμότητα
1852 3301 1965 3370 καὶ
2010 3299 2133 3387 τὴν

225 3401 394 3492 πρὸς
449 3400 744 3486 ἅπαντας
797 3402 1010 3495 ὀργὴν
1058 3406 1556 3497 προυκαλέσατο
1608 3410 1993 3492 συνωμοσία
2036 3431 2135 3484 τις

224 3513 672 3596 διαβληθεῖσα
695 3504 843 3578 κατ’
887 3504 1098 3579 αὐτοῦ
1141 3509 1718 3602 συγκροτουμένη,
1758 3513 2024 3579 πολλῶν
2062 3535 2098 3568 τ

1698 3623 1768 3683 11
1788 3625 1825 3664 '¹‘
