2475 3859
442 96 522 157 54
1175 94 1623 157 ΔΕΥΤΕΡΟΝ

443 293 648 357 μονας
677 220 952 336 ἔσεσθαι
978 272 1060 355 τῇ
1087 292 1157 335 τε
1188 260 1527 355 Ῥωμαίων
1555 262 1717 357 εὐχῇ
1754 267 1869 337 καὶ
1894 273 1975 357 τῇ
2011 271 2147 335 τῶν
2188 264 2357 335 κατὰ
2436 282 2438 293 ’

443 369 568 459 τὴν
594 366 926 456 ἀνατολὴν
953 372 1417 457 στρατοπέδων
1444 368 1695 460 γνώμη.

380 497 419 557 9
647 479 856 543 ταῦτα
895 471 972 541 δὲ
999 468 1208 541 αὐτοῦ
1235 478 1721 553 διατυποῦντος
1762 474 1877 541 καὶ
1910 470 2203 570 κούφαις
2248 471 2359 539 καὶ

447 574 715 665 ἀδήλοις
741 577 1289 664 έπαιωρουμένου
1314 580 1569 663 ἐλπίσι,
1590 578 2007 665 διηγγέλλετο
2034 572 2113 643 τά
2142 598 2359 661 πρατ*

445 679 690 769 τόμενα
719 684 785 759 ἔς
801 704 873 746 τε
891 684 1186 758 Παίονας
1201 682 1315 747 καὶ
1345 675 1709 769 Ἰλλυριοὺς
1736 681 1849 749 καὶ
1874 686 2008 747 πᾶν
2036 674 2109 747 τὸ
2138 679 2357 745 ἐκεῖσε
2382 699 2399 735 ⁵

447 780 952 871 στρατιωτικόν,
997 777 1038 850 ὃ
1075 796 1216 862 ταῖς
1258 779 1495 870 ὄχθαις
1527 778 1795 871 Ἴστρου
1850 808 1923 851 τε
1972 782 2085 849 καὶ
2119 775 2361 867 Ῥήνου

449 890 888 972 ἐπικείμενον,
903 881 1226 975 ἀπεῖργον
1237 883 1397 966 τούς
1409 888 1717 955 ἐπέκεινα
1728 883 2127 975 βαρβάρους,
2144 910 2360 973 φρου-

391 1011 426 1062 2
455 1002 564 1077 ρεῖ
587 986 710 1076 τὴν
734 982 1069 1075 Ῥωμαίων
1097 984 1326 1077 ἀρχήν.
1394 984 1617 1077 ἡγεῖτο
1644 990 1719 1059 δὲ
1742 987 2061 1057 Παιόνων
2086 986 2364 1055 πάντων

413 1087 619 1175 Ἴ(ὖπὸ
657 1096 776 1181 μιᾷ
823 1089 952 1178 γὰρ
989 1082 1164 1178 ἦσαν
1201 1094 1499 1183 ἐξουσίᾳ)
1542 1099 1874 1181 Σεεῆρος,
1914 1086 2085 1179 ἀνὴρ
2124 1086 2201 1158 τὸ
2242 1088 2363 1177 μὲν
2444 1150 2446 1159 2

451 1195 644 1282 γένος
685 1200 932 1281 Λίβυς,
975 1196 1041 1273 ές
1093 1194 1168 1263 δὲ
1219 1194 1625 1283 πραγμάτων
1666 1200 1999 1283 διοίκησιν
2045 1206 2357 1281 γενναῖος
2394 1203 2423 1245 ¹⁰

453 1293 586 1385 ἅμα
613 1299 726 1366 καὶ
749 1295 1153 1385 θυμοειδής,
1181 1305 1450 1391 σκληρῷ
1490 1326 1560 1367 τε
1604 1305 1733 1391 βίῳ
1774 1299 1887 1367 καὶ
1921 1310 2151 1385 τραχεῖ
2188 1298 2363 1364 ἐνει-

453 1399 1068 1489 θισμένος,’πόνοις
1091 1426 1165 1469 τε
1205 1396 1501 1489 ἀντέχων
1540 1404 1781 1493 ῥᾷστα,
1825 1405 2068 1488 νοῆσαί
2100 1424 2173 1467 τε
2216 1394 2365 1479 ὀξὺς
2444 1405 2451 1427 ⁴

397 1523 432 1579 3
461 1505 574 1571 καὶ
597 1500 671 1573 τὸ
697 1502 949 1590 νοηθὲν
975 1504 1343 1573 ἐπιτελέσαι
1370 1503 1588 1592 ταχύς.
1694 1495 1889 1585 οὗτος
1916 1509 2151 1571 τοίνυν
2193 1497 2367 1589 παρὰ
2448 1502 2450 1515 “

355 1597 640 1679 ιὲἱιῖἷῑῖτῶν
657 1602 1116 1694 ἀγγελλόντων
1130 1606 1643 1695 πυνθανόμενος
1652 1606 1777 1695 τὴν
1800 1604 2135 1695 Ῥωμαίων
2160 1600 2368 1694 ἀρχὴν

457 1712 790 1797 μετέωρον
819 1711 1198 1800 φερομένην
1225 1706 1669 1797 ἁρπάζεσθαι,
1696 1707 2067 1798 καταγνοὺς
2096 1714 2222 1776 τοῦ
2252 1706 2369 1795 μὲν
2392 1728 2425 1769 1⁵

459 1815 806 1905 ῥαθυμίαν
837 1818 959 1882 τοῦ
987 1812 1062 1881 δὲ
1089 1817 1533 1903 δυσπραγίαν,
1570 1866 1586 1881 .
1621 1868 1635 1882 .
1666 1869 1680 1883 .
1710 1816 1785 1883 έν
1808 1828 1943 1893 τοῖς
1970 1810 2368 1901 πράγμασιν.

460 1914 781 1987 ἀνέπειθε
821 1915 896 1985 δὲ
950 1912 1160 1986 αὐτὸν
1203 1912 1517 2005 ὀνείρατα
1564 1916 1879 2005 τοιαύτην
1930 1914 2083 1985 τινὰ
2134 1917 2369 1983 ἐλπίδα

461 2016 1024 2107 ὑποσημαίνοντα,
1041 2026 1331 2107 χρησμοί
1348 2044 1421 2087 τε
1446 2021 1559 2088 καὶ
1586 2016 1707 2089 ὅσα
1734 2022 1801 2099 ές
1828 2017 2213 2106 πρόγνωσιν
2240 2022 2372 2086 τῶν

462 2122 844 2209 μελλόντων
881 2120 1187 2209 σύμβολα
1229 2128 1541 2207 φαίνεται
1558 2145 1573 2161 ·
1628 2119 1797 2211 ἅπερ
1852 2120 2067 2191 πάντα
2108 2115 2371 2205 ἀψευδῆ

463 2225 576 2293 καὶ
605 2220 827 2312 ἀληθῆ
853 2222 1002 2291 τότε
1027 2222 1407 2293 πιστεύεται
1446 2221 1609 2293 ὅταν
1642 2229 1707 2306 ἐς
1747 2223 1869 2313 τὴν
1895 2221 2229 2312 ἀπόβασιν
2258 2218 2373 2291 εὖ·
2397 2240 2437 2279 2⁰

406 2337 442 2390 4
467 2332 750 2413 τυχηθῇ.
853 2352 934 2395 τα
953 2324 1078 2413 μὲν
1107 2316 1234 2395 οὖν
1260 2324 1473 2395 πολλὰ
1502 2328 1850 2418 ἱστόρησεν
1880 2323 2081 2408 αὐτός
2110 2353 2179 2395 τε
2204 2348 2375 2412 συγ-

465 2427 728 2515 γράψας
753 2431 828 2496 ἐν
865 2454 956 2521 τω
987 2424 1148 2497 καθ’
1195 2424 1405 2499 αὑτὸν
1442 2438 1570 2523 βίῳ
1610 2433 1723 2502 καὶ
1750 2436 2095 2519 δημοσίαις
2121 2425 2375 2514 ἀνέθη-

466 2556 586 2600 κεν
613 2529 856 2599 είκόσι·
900 2529 975 2600 τὸ
1015 2528 1081 2599 δ’
1121 2522 1251 2601 οὖν
1284 2541 1669 2605 τελευταῖον
1696 2537 1809 2603 καὶ
1838 2526 2250 2622 μέγιστον,”’
2208 2556 2375 2653 οπερ

465 2629 650 2726 αύτω
689 2633 802 2701 καὶ
841 2631 967 2721 τὴν
1009 2636 1249 2705 ἐλπίδα
1282 2643 1509 2707 πᾶσαν
1552 2633 1926 2725 ὑπέφαινεν
1978 2662 2176 2722 οναρ,
2217 2627 2371 2703 οὐδ’

411 2755 444 2807 5
471 2733 632 2826 ημῖν
657 2740 1154 2826 παραλειπτέον.
1252 2736 1419 2809 κατά
1452 2738 1579 2831 γὰρ
1617 2735 1737 2809 τὸν
1774 2736 2013 2829 καιρὸν
2050 2765 2131 2807 ον
2158 2732 2375 2824 ἀπηγ-
2402 2756 2443 2800 2⁵

471 2842 630 2929 γέλη
657 2842 990 2930 Περτίναξ
1024 2840 1433 2931 παραλαβών
1458 2839 1582 2931 τὴν
1608 2838 1838 2933 ἀρχήν,
1855 2837 2019 2931 μετὰ
2034 2837 2107 2910 τὸ
2134 2847 2375 2928 προελ-

471 2954 650 3013 θεῖν’
653 2946 766 3013 καὶ
796 2950 1006 3013 θῦσαι
1033 2940 1068 3013 ὃ
1095 2951 1399 3035 Σεεῆρος
1424 2948 1537 3015 καὶ
1562 2943 1683 3015 τὸν
1708 2941 1877 3037 νπὲρ
1906 2952 2021 3033 τῆς
2044 2948 2377 3033 Περτίνα-

472 3074 590 3127 κος
633 3053 976 3135 βασιλείας
1039 3042 1246 3135 ὅρκον
1299 3042 1810 3135 ἀφοσιώσασθαι
1866 3043 2262 3117 ἐπανελθών
2318 3047 2379 3125 ἐς

473 3147 597 3237 τὴν
625 3155 846 3219 οίκίαν
884 3151 1161 3239 ἑσπέρας
1188 3150 1688 3240 καταλαβούσης
1730 3154 1797 3231 ές
1834 3149 2055 3221 ὕπνον
2102 3150 2379 3238 κατηνέ-

475 3262 606 3338 χθη
622 3302 643 3337 ,
673 3254 884 3339 μέγαν
911 3252 987 3322 δὲ
1028 3254 1144 3321 καὶ
1177 3270 1491 3341 γενναῖον
1528 3259 1733 3323 ἵππον
1772 3260 2135 3341 βασιλικοῖς
2159 3250 2376 3340 φαλά-
2404 3273 2448 3314 ao

479 3380 620 3439 ροις
643 3354 1140 3441 κεκοσμημένον
1179 3351 1371 3448 ᾠήθη
1399 3357 1703 3444 βλέπειν,
1732 3357 2025 3448 φέροντα
2058 3352 2177 3425 τὸν
2202 3362 2380 3441 Περ-

479 3458 714 3522 τίνακα
761 3454 1209 3544 ἐποχούμενον
1260 3455 1373 3527 διὰ
1424 3458 1625 3545 μέσης
1666 3464 1783 3544 τῆς
1834 3460 1909 3527 ἐν
1945 3453 2155 3547 Ῥώμη
2205 3460 2382 3545 ἱερᾶς
