2475 3859
465 128 546 188 70
1260 128 1557 189 TPITON

465 300 832 390 γασμένου,
861 299 1150 389 τοσαύτῃ
1177 326 1249 369 τε
1277 306 1613 393 συναφείᾳ
1640 304 1753 371 καὶ
1792 301 2101 389 κολλήσει
2126 298 2215 381 ῶς
2244 330 2377 390 μη-

466 405 630 475 δένα
653 412 916 473 οἴεσθαι
960 402 1036 472 τὸ
1077 408 1275 491 ἔργον
1300 401 1671 493 σύνθετον,
1717 404 1863 487 ἑνὸς
1900 405 1977 475 δε
2004 412 2206 475 λίθου
2236 412 2379 475 πᾶν

407 524 440 579 7
469 512 890 595 πεποιῆσθαι.
935 512 1030 575 ἔτι
1055 513 1227 596 γοῦν
1252 507 1365 575 καὶ
1390 513 1523 577 νῦν
1546 505 1629 576 τὰ
1655 510 1942 611 μένοντα
1956 506 2165 578 αύτοῦ
2192 511 2377 599 ἐρεί-

467 639 584 682 πια
609 611 724 679 καὶ
737 616 1020 691 λείψανα
1048 608 1261 678 ἰδόντι
1286 610 1656 696 θαυμάζειν
1683 617 1821 681 ἔστι
1846 614 1959 681 καὶ
1983 608 2105 699 τὴν
2130 612 2378 699 τέχνην

467 720 602 785 τῶν
627 711 750 800 τὴν
777 709 990 801 ἀρχὴν
1027 713 1666 784 κατασκευασάντων
1690 717 1805 784 καὶ
1840 714 1965 804 τὴν
1992 712 2204 803 ἀλκὴν
2228 722 2373 783 τῶν
2406 742 2429 781 ⁵

467 814 752 904 ὕστερον
777 814 1283 905 καθῃρηκότων.

669 915 705 987 6
733 918 858 1007 μὲν
883 918 968 1007 δὴ
993 925 1249 1009 Νίγρος
1282 914 1493 999 οὕτως
1518 917 1791 1007 ἐξήρτυε
1829 918 1911 989 τὰ
1934 918 2097 991 καθ’
2132 921 2378 992 ἑαυτὸν

388 1044 426 1103 2
469 1024 978 1110 προμηθέστατα
1015 1023 1128 1091 καὶ
1173 1018 1667 1110 ἀσφαλέστατα,
1712 1018 1821 1125 ῶς.
1830 1046 2027 1115 φετο·
2072 1019 2109 1093 6
2136 1024 2213 1094 δὲ
2238 1030 2381 1094 Σε-

371 1137 407 1163 ⁸·
419 1124 696 1214 ¹⁹⁴mJoog
737 1120 826 1205 ῶς
862 1130 963 1194 ἔνι
988 1124 1269 1213 μάλιστα
1302 1122 1433 1194 σῦν
1462 1132 1541 1215 τῇ
1568 1132 1843 1217 στρατιᾷ
1856 1122 2200 1216 ἠπείγετο,
2246 1156 2379 1216 μη-

475 1228 594 1297 δὲν
631 1231 936 1319 ῥᾳθυμία
973 1225 1134 1315 μηδ’
1182 1224 1535 1318 ἀναπαύλῃ
1573 1231 1816 1315 νέμων.
1897 1228 2143 1318 μαθων
2181 1231 2256 1300 δὲ
2302 1228 2376 1299 τὸ
2412 1260 2449 1298 1⁰

474 1330 835 1413 Βυζάντιον
869 1332 1555 1419 προκατειλημμένον,
1603 1333 1717 1400 καὶ
1757 1331 1953 1413 εἰδως
1994 1332 2381 1424 ὀχυρώτατα

473 1434 986 1522 τετειχισμένον,
1045 1435 1154 1503 ἐπὶ
1211 1431 1509 1517 Κύζικον
1563 1432 1681 1503 τὸν
1738 1434 2022 1526 στρατὸν
2074 1438 2381 1506 ἐκέλευσε

416 1553 450 1604 2
479 1541 872 1624 διαβαίνειν.
946 1533 982 1606 6
1022 1537 1098 1606 δὲ
1137 1544 1253 1625 τῆς
1293 1532 1511 1617 Ἀσίας
1560 1533 1931 1625 ἡγούμενος
1967 1540 2380 1628 Αἰμιλιανός,

480 1629 533 1732 ᾧ
568 1636 692 1727 τὴν
726 1640 1051 1729 πρόνοιαν
1077 1641 1190 1709 καὶ
1218 1647 1622 1729 στρατηγίαν
1654 1636 1689 1709 6
1718 1648 1976 1731 Νίγρος
2018 1645 2383 1734 ἐγκεχειρί-

383 1764 396 1771 ·
477 1770 613 1830 κει,
655 1740 898 1831 μαθών
937 1741 1208 1812 ἐπιόντα
1246 1740 1367 1811 τὸν
1415 1750 1537 1812 τοῦ
1572 1743 1887 1833 Σεεήρου
1930 1743 2215 1837 στρατὸν
2258 1744 2381 1834 τὴν
2411 1770 2449 1810 15

477 1848 586 1915 ἐπὶ
612 1845 904 1931 Κύζικον
950 1847 1062 1915 καὶ
1097 1842 1299 1925 αὐτὸς
1340 1846 1687 1935 ἐτράπετο,
1735 1844 1921 1935 ἄγων
1962 1876 2034 1919 τε
2066 1846 2385 1940 στρατιὰν

478 1955 718 2035 πᾶσαν,
745 1945 834 2037 ἢν
860 1944 1060 2029 αὐτὸς
1087 1956 1475 2017 συνείλεκτο
1506 1950 1619 2017 καὶ
1646 1945 1735 2037 ἢν
1762 1946 2066 2040 ὃΝίγρος
2093 1952 2386 2041 ἐπεπόμ-

481 2078 616 2139 φει.
685 2048 774 2132 ῶς
810 2050 886 2120 δὲ
921 2055 1293 2140 συνέβαλεν
1332 2053 1753 2138 ἑκατέρωθεν
1791 2052 1872 2122 τὰ
1908 2054 2383 2145 στρατεύματα,

481 2153 680 2241 μάχαι
719 2155 1035 2245 καρτεραὶ
1074 2160 1377 2242 γίνονται
1422 2151 1570 2221 κατ’
1624 2158 1847 2225 ἐκεῖνα
1884 2154 1965 2225 τὰ
1992 2165 2237 2249 χωρία,
2274 2158 2387 2226 καὶ

481 2270 714 2344 κρατεῖ
732 2255 808 2325 τὸ
824 2255 1134 2345 Σεεήρου
1161 2255 1558 2347 στράτευμα,
1590 2258 1774 2346 φυγή
1800 2285 1871 2327 τε
1898 2262 2011 2329 καὶ
2034 2258 2247 2350 τροπὴ
2276 2260 2389 2329 καὶ
2409 2285 2457 2335 ,κ

484 2358 693 2447 φόνος
731 2356 943 2439 πολὺς
987 2364 1124 2428 τῶν
1161 2366 1285 2427 τοῦ
1324 2367 1595 2450 Νίγρου
1631 2370 2053 2451 στρατιωτῶν
2108 2370 2388 2451 γίνεται,

485 2457 574 2541 ῶς
601 2468 736 2530 τῶν
759 2460 884 2548 μὲν
917 2458 1329 2531 ἀνατολικῶν
1359 2459 1617 2545 εὐθέως
1648 2471 1947 2555 θραῦσαι
1972 2463 2094 2554 τὴν
2128 2468 2391 2552 ἐλπίδα,

484 2570 620 2633 τῶν
649 2563 724 2633 δὲ
742 2559 1083 2654 Ἰλλυριῶν
1108 2568 1491 2656 ἐπιρρῶσαι.

423 2685 458 2740 3
689 2669 856 2757 φασὶ
884 2669 965 2737 δέ
988 2696 1164 2749 τινες
1190 2671 1617 2759 προδοθέντα
1629 2666 1712 2738 τὰ
1743 2675 2143 2759 τοῦΝίγρου
2170 2669 2391 2758 πράγ-

485 2796 656 2858 ματα
695 2766 829 2841 ὑπὸ
857 2776 1258 2858 Αἰμιλιανοῦ
1288 2768 1545 2853 εὐθέως
1584 2775 1662 2842 ἐν
1697 2768 1863 2862 ἀρχῇ
1900 2777 2382 2862 διαφθαρῆναι.
2416 2794 2459 2836 25

487 2871 717 2962 διττὴν
757 2873 834 2943 δὲ
860 2876 1131 2963 λέγουσι
1156 2882 1274 2962 τῆς
1302 2874 1613 2963 τοιαύτης
1638 2878 2083 2964 προαιρέσεως
2110 2882 2233 2945 τοῦ
2258 2881 2389 2945 Αἰ-

487 2983 801 3064 μιλιανοῦ
841 2974 966 3065 τὴν
993 2984 1244 3047 αἰτίαν·
1286 2985 1355 3047 οἳ
1376 2978 1499 3067 μὲν
1525 2976 1654 3069 γὰρ
1686 2986 2083 3066 φθονοῦντα
2122 2985 2216 3071 τῷ
2252 2983 2387 3047 Νί-

487 3106 628 3171 γρφ
673 3082 1178 3168 ἐπιβουλεῦσαι,
1233 3076 1742 3169 ἀγανακτοῦντα
1796 3077 1897 3149 ὅτι
1946 3078 2029 3170 δὴ
2082 3081 2387 3169 διάδοχος

489 3178 702 3250 αὐτοῦ
729 3180 1088 3270 γενόμενος
1116 3188 1230 3267 τῆς
1248 3186 1324 3251 ἐν
1349 3189 1577 3274 Συρίᾳ
1594 3180 1798 3274 ἀρχῆς
1824 3190 2097 3272 ἔμελλεν
2116 3190 2385 3254 ἔσεσθαι

492 3290 812 3371 κρείττων
866 3281 980 3353 ἅτε
1034 3282 1347 3371 βασιλεὺς
1384 3285 1498 3351 καὶ
1541 3286 1897 3372 δεσπότης,
1952 3294 2023 3356 οἳ
2060 3288 2141 3354 δέ
2182 3309 2385 3373 φασιν
2414 3318 2461 3359 ³⁰

495 3381 702 3453 αὐτὰν
729 3381 1219 3472 ἀναπεισθῆναι
1261 3381 1393 3452 ὑπὸ
1424 3390 1563 3453 τῶν
1590 3391 1853 3455 παίδων
1881 3387 2387 3457 ἐπιστειλάντων

494 3486 608 3553 καὶ
635 3488 1018 3573 δεηθέντων
1043 3482 1219 3575 ὑπὲρ
1248 3492 1365 3573 τῆς
1396 3488 1653 3558 ἑαυτῶν
1678 3496 2037 3577 σωτηρίας,
2066 3484 2183 3569 οὓς
2212 3491 2285 3559 ἐν
2312 3494 2388 3578 τῇ
