2475 3859
871 178 1315 239 ΠΕΜΠΤοΝ
1665 226 1675 248 ,
1841 151 1851 161 ’
1933 178 2053 239 135
2160 128 2187 161 ⁵

121 353 200 431 ἐς
233 346 356 437 τὴν
383 348 843 437 Νικομήδειαν
865 352 1176 438 ἐχείμαζε,
1203 354 1325 437 τῆς
1352 344 1530 439 ὥρας
1556 354 1677 419 τοῦ
1704 354 1898 431 ἔτους
1928 347 2053 420 οῦ-

125 480 264 533 τως
289 448 714 541 ἀπαιτούσης.
777 449 1036 533 εὐθέως
1073 480 1145 522 τε
1185 450 1680 541 ἐξεβακχεύετο,
1706 452 1831 542 τήν
1856 480 1929 523 τε
1956 459 2054 523 ἱε-

135 554 458 643 ρωσύνην
483 561 604 626 τοῦ
631 558 994 645 ἐπιχωρίου
1019 563 1212 644 θεοῦ,
1242 546 1287 647 ᾗ
1316 558 1750 646 ἐντέθραπτο,
1784 580 2055 647 περιερ-

133 659 418 747 γότερον
443 662 784 748 ἐξωρχεῖτο
801 712 819 747 ,
853 655 1144 747 σχήμασί
1167 686 1238 729 τε
1265 662 1547 747 ἐσθῆτος
1574 659 2058 729 πολυτελεστά-

57 790 96 831 5
139 788 277 842 τοις
318 762 686 852 χρώμενος,
729 762 842 831 διά
894 790 964 831 τε
1004 762 1365 852 πορφύρας
1414 768 1669 851 χρυσοῦ
1710 758 2057 851 ὑφάσμασι

139 870 592 955 περιδεραίοις
623 894 696 935 τε
723 867 837 934 καὶ
863 872 1132 948 ψελίοις
1161 865 1645 954 κοσμούμενος,
1678 868 1746 946 ἐς
1778 864 1955 947 εἶδος
1980 866 2058 936 δὲ

137 966 370 1057 τιάρας
387 969 730 1057 στεφάνην
753 972 1169 1057 ἐπικείμενος
1193 974 1421 1062 χρυσῷ
1448 970 1563 1039 καὶ
1588 974 1809 1050 λίθοις
1834 975 2058 1039 ποικί-

137 1078 270 1158 λην
295 1078 554 1159 τιμίοις.
657 1062 745 1160 ἦν
769 1099 840 1141 τε
867 1070 1048 1165 αὐτῷ
1079 1068 1152 1139 τὸ
1177 1078 1393 1160 σχῆμα
1426 1070 1671 1161 μεταξὺ
1698 1078 2058 1161 Φοινίσσης
2086 1095 2120 1147 4

141 1178 328 1262 ἱεράς
363 1182 599 1263 στολῆς
637 1177 749 1244 καὶ
791 1180 1020 1263 χλιδῆς
1063 1179 1399 1263 Μηδικῆς.
1489 1171 1856 1265 Ῥωμαϊκὴν
1898 1176 1976 1245 δὲ
2012 1170 2057 1263 ἢ

47 1298 102 1339 ¹⁰
128 1272 528 1365 Ἑλληνικὴν
555 1284 776 1348 πᾶσαν
809 1281 1058 1366 ἐσθῆτα
1085 1278 1516 1367 ἐμυσάττετο,
1544 1281 1737 1367 ἐρίου
1778 1278 2057 1367 φάσκων

141 1379 520 1469 εἰργάσθαι,
549 1380 930 1469 πράγματος
959 1377 1303 1463 εὐτελοῦς·
1340 1394 1477 1462 τοῖς
1496 1381 1571 1451 δὲ
1598 1388 1855 1469 Σηρῶν·
1872 1378 2057 1470 ὑφά-

137 1504 347 1571 σμασι
385 1483 618 1571 μόνοις
663 1481 1000 1572 ἠρέσκετο.
1081 1484 1321 1574 προῄει
1373 1512 1445 1553 τε
1490 1480 1624 1553 ὑπὸ
1670 1482 1903 1566 αὐλοῖς
1944 1486 2059 1554 καὶ

137 1584 512 1674 τυμπάνοις
530 1638 549 1673 ,
579 1594 670 1677 τῷ
702 1594 846 1679 θεῷ
875 1592 1094 1676 δῆθεν
1122 1582 1469 1675 ὀργιάζων.

289 1717 294 1740 ·
349 1685 392 1778 ἡ
421 1689 496 1759 δὲ
521 1698 758 1759 Μαῑσα
782 1698 990 1759 ταῦτα
1017 1685 1241 1779 ὁρῶσα
1258 1690 1441 1759 πάνυ
1466 1686 1770 1777 ἤσχαλλε,
1786 1694 2057 1757 πείθειν
2086 1714 2118 1764 5

49 1822 104 1863 15
145 1819 220 1863 τε
247 1798 623 1879 λιπαροῦσα
649 1796 956 1883 ἐπειρᾶτο
975 1794 1553 1881 μεταμφιέσασθαι
1579 1788 1703 1879 τὴν
1726 1788 2062 1879 Ῥωμαίων

139 1893 394 1984 στολὴν
420 1895 744 1982 με’λλοντά
767 1923 838 1965 τε
867 1900 932 1976 ἐς
959 1893 1084 1984 τὴν
1109 1895 1309 1964 πόλιν
1334 1892 1695 1983 ἀφίξεσθαι
1716 1896 1829 1963 καὶ
1844 1896 1913 1975 ἐς
1940 1891 2063 1982 τὴν

139 1998 524 2087 σύγκλητον
577 1998 1110 2085 εἰσελεύσεσθαι,
1160 1994 1251 2087 μή
1296 1994 1679 2067 ἀλλοδαπὸν
1724 1992 1769 2085 ἦ
1808 1995 2062 2067 παντά-

141 2121 310 2171 πασι
337 2100 682 2190 βάρβαρον
722 2100 794 2170 τὸ
836 2108 1052 2189 σχῆμα
1089 2098 1316 2189 ὀφθὲν
1352 2098 1569 2195 εὐθὺς
1598 2100 1863 2191 λυπήσῃ
1907 2096 2062 2180 τοὺς

142 2203 446 2291 ἰδόντας,
489 2199 726 2293 ἀήθεις
763 2231 834 2273 τε
873 2202 1073 2285 ὄντας
1111 2206 1226 2273 καὶ
1272 2206 1621 2293 οἰομένους
1658 2201 1738 2271 τά
1790 2207 2083 2272 τοιαῦτα·

47 2336 110 2377 το
147 2312 668 2395 καλλωπίσματα
693 2304 820 2376 ούκ
847 2303 1178 2397 ἀνδράσιν
1203 2304 1373 2377 ἀλλὰ
1413 2312 1721 2396 θηλείαις
1760 2306 2060 2395 πρέπειν.

145 2406 186 2481 ὃ
217 2410 294 2480 δὲ
319 2408 830 2500 καταφρονήσας
854 2417 990 2479 τῶν
1015 2406 1148 2481 ὑπὸ
1177 2417 1293 2499 τῆς
1318 2409 1759 2500 πρεσβύτιδος
1785 2410 2065 2498 λεχθέν-
2090 2432 2124 2487 6

146 2540 321 2600 των,
349 2509 512 2602 μηδ’
547 2509 726 2605 ἄλλῳ
753 2516 886 2583 τινὶ
921 2520 1224 2595 πεισθείς
1270 2510 1459 2601 (οὐδὲ
1500 2511 1629 2603 γὰρ
1668 2520 1977 2600 προσίετο
2008 2517 2071 2581 εἰ

146 2614 240 2706 μὴ
290 2614 450 2697 τούς
501 2612 982 2707 ὁμοιοτρόπους
1037 2643 1110 2685 τε
1161 2618 1275 2685 καὶ
1330 2616 1615 2696 κόλακας
1666 2612 1879 2685 αὑτοῦ
1931 2622 2067 2684 τῶν

149 2716 691 2809 ἁμαρτημάτων),
720 2719 1128 2808 βουλόμενος
1156 2720 1232 2788 ἐν
1270 2725 1417 2789 ἔθει
1461 2720 1781 2806 γενέσθαι
1806 2722 1922 2806 τῆς
1946 2722 2069 2787 τοῦ

49 2842 116 2885 ²⁵
152 2821 484 2911 σχήματος
509 2818 727 2903 ὅψεως
743 2817 866 2909 τήν
891 2848 964 2891 τε
989 2819 1369 2909 σύγκλητον
1393 2823 1507 2891 καὶ
1534 2818 1655 2889 τὸν
1680 2826 1893 2909 δῆμον
1913 2816 2070 2889 Ῥω-

152 2932 410 3015 μαίων,
453 2921 740 3005 ἀπόντος
775 2951 848 2993 τε
887 2920 1102 2993 αὑτοῦ
1143 2938 1385 3013 πεῖραν
1428 2928 1719 3011 δοθῆναι
1758 2929 1900 3003 πῶς
1946 2922 2071 3011 φέ-

155 3048 356 3117 ρουσι
383 3025 508 3117 τὴν
537 3024 700 3109 ὄψιν
731 3032 854 3096 τοῦ
882 3026 1241 3115 σχήματος,
1287 3025 1515 3096 εἰκόνα
1542 3032 1863 3114 μεγίστην
1904 3024 2072 3115 γρά-

151 3146 288 3215 ψας
330 3129 578 3211 παντὸς
619 3133 898 3217 ἑαυτοῦ,
941 3125 1079 3210 οἶος
1119 3129 1375 3219 προι·ω’ν
1422 3155 1493 3197 τε
1542 3130 1655 3197 καὶ
1700 3133 2075 3218 ίερουργῶν

154 3239 474 3323 ἐφαίνετο
489 3285 509 3320 ,
539 3232 960 3323 παραστήσας
985 3260 1056 3301 τε
1093 3236 1170 3301 ἐν
1209 3239 1289 3321 τῇ
1316 3238 1543 3321 γραφῇ
1572 3228 1689 3302 τὸν
1716 3231 1929 3301 τύπον
1955 3236 2074 3299 τοῦ

57 3360 120 3403 ω
157 3341 522 3425 ἐπιχωρίου
548 3342 753 3415 θεοῦ,Ι
783 3326 838 3429 ᾧ
869 3334 954 3423 δὴ
981 3342 1353 3425 καλλιερεῖν
1384 3336 1784 3425 ἐγέγραπτο,
1814 3337 2075 3423 πέμψας
2104 3354 2136 3410 7

155 3468 234 3510 τε
279 3444 346 3521 ἐς
389 3437 513 3527 τὴν
553 3434 840 3526 Ῥώμην,
886 3440 1236 3509 ἐκέλευσεν
1284 3442 1359 3509 ἐν
1400 3444 1493 3531 τῷ
1547 3437 1913 3530 μεσαιτάτῳ
1964 3443 2079 3525 τῆς

159 3541 548 3633 συγκλήτου
587 3540 770 3634 τόπῳ
795 3537 1190 3637 ὑψηλοτάτῳ
1229 3568 1303 3613 τε
1334 3540 1457 3631 τὴν
1488 3541 1715 3612 εἰκόνα
1744 3538 2081 3629 ἀνατεθῆ-
