2475 3859
401 96 408 107 ·
473 150 553 212 86
1130 234 1141 241 -
1294 148 1594 209 ΤΡΙΤΟΝ

474 323 746 415 ἀνδρῶν
770 324 1057 405 τοξοτῶν
1090 318 1487 409 ἀκμάζουσα.
1530 317 1567 390 ὁ
1594 320 1673 390 δὲ
1699 326 1817 389 τοῦ
1849 320 2165 409 Σεεήρου
2191 342 2393 410 στρα-
2472 326 2474 331 ’

477 427 588 510 τὸς
627 424 1242 516 προσκαθεζόμενος
1276 424 1651 515 ἐπολιόρκει
1690 425 1891 493 παντὶ
1930 427 2197 512 σθένει,
2242 452 2391 495 πει-

478 530 774 623 ρῶμενος
802 527 925 616 τὴν
965 527 1164 598 πόλιν
1209 531 1487 611 ἐξελεῖν
1528 534 1823 621 μηχαναί
1857 553 1929 596 τε
1972 532 2395 599 παντοδαπαὶ

476 630 893 724 προσήγοντο
936 638 1026 723 τῷ
1064 638 1301 719 τείχει,
1344 633 1458 699 καὶ
1500 628 1706 701 οὐδὲν
1744 636 2179 717 παρελείπετο
2220 632 2395 711 εἶδος

415 756 446 808 5
483 741 884 823 πολιορκίας.
1005 740 1075 803 οί
1109 735 1184 803 δὲ
1229 731 1537 821 ’Λτρηνοὶ
1579 740 1903 823 γενναίως
1956 730 2391 822 ἀπεμάχοντο,
2416 762 2439 801 ⁵

477 839 688 921 τόξοις
729 864 802 907 τε
843 840 956 907 καὶ
1000 845 1222 917 λίθοις
1276 832 1551 909 ἄνωθεν
1607 837 1965 926 βάλλοντες
2016 834 2097 907 οὐ
2145 844 2396 928 μικρῶς
2472 898 2474 901 ⁴

479 941 778 1011 ἐλύπουν
823 939 941 1009 τὸν
969 947 1090 1010 τοῦ
1118 940 1431 1027 Σεοήρου
1465 940 1767 1028 στρατόν.
1834 940 2041 1030 σκεύη
2084 968 2159 1010 τε
2200 941 2398 1030 κερά-

479 1073 610 1134 μου
637 1046 1048 1133 πεποιημένα
1075 1049 1487 1131 πληροῦντες
1514 1051 1822 1132 πτηνῶν,
1858 1050 2120 1132 μικρῶν
2144 1046 2277 1132 μὲν
2306 1051 2399 1113 ἰο-

483 1149 708 1237 βόλων
735 1145 810 1216 δὲ
835 1153 1120 1235 θηρίων,
1139 1149 1509 1234 ἐπέβαλλον
1536 1144 1792 1226 αὐτοῖς’
1825 1144 1905 1215 τὰ
1932 1147 2007 1216 δὲ
2034 1150 2397 1236 ἐμπίπτον·
2472 1174 2474 1181 ·

485 1280 566 1320 τα
590 1265 734 1331 ταῖς
763 1246 988 1336 ὄψεσι,
1021 1250 1134 1319 καὶ
1161 1258 1228 1318 εἴ
1262 1255 1331 1318 τί
1356 1276 1491 1320 που
1518 1248 2087 1339 παραγεγύμνωτο
2112 1258 2241 1321 τοῦ
2268 1250 2398 1320 σῶ-
2424 1268 2459 1307 1⁰

483 1380 682 1442 ματος
698 1404 717 1439 ,
746 1352 1174 1422 λανθάνοντα
1213 1356 1328 1423 καὶ
1368 1351 1797 1441 παρεισιόντα
1840 1352 2297 1439 τιτρῶσκοντά
2338 1380 2399 1421 τε

425 1476 458 1529 6
488 1452 736 1535 αὐτοὺς
781 1458 1192 1543 ἐλυμαίνετο.
1301 1459 1415 1526 καὶ
1454 1446 1543 1546 μὴ
1587 1459 1909 1546 φέροντες
1948 1454 2023 1527 τὸ
2068 1462 2399 1545 πνιγῶδες

485 1566 606 1628 τοῦ
633 1555 828 1647 ἀέρος
856 1556 968 1627 διὰ
995 1557 1068 1629 τὸ
1099 1554 1525 1649 ὑπερβάλλον
1564 1566 1687 1629 τοῦ
1722 1555 1919 1647 ἡλίου
1964 1566 2136 1648 πῦρ,
2174 1559 2401 1639 νόσοις

483 1669 987 1750 περιπίπτοντες
1015 1667 1523 1751 διεφθείροντο,
1566 1658 1655 1744 ὥς
1696 1670 2007 1733 πλεῖστον
2051 1664 2255 1751 μέρος
2288 1668 2401 1731 τοῦ

484 1771 768 1854 στρατοῦ
811 1765 926 1835 διὰ
973 1765 1280 1848 τοιαύτας
1333 1773 1547 1848 αἰτίας
1590 1771 1844 1855 μᾶλλον
1882 1762 2309 1836 ἀπόλλυσθαι
2358 1760 2397 1851 ἦ
2426 1794 2474 1847 15}

485 1866 650 1959 πρὸς
676 1874 812 1938 τῶν
837 1877 1195 1958 πολεμίων.
2472 1860 2474 1865 ’

424 1980 456 2035 7
575 1989 602 2019 ⁸
687 1968 1229 2067 ,ἀπαγορεύοντος
1274 1971 1350 2042 δὲ
1386 1978 1507 2041 τοῦ
1553 1977 1842 2057 στρατοῦ
1881 1968 2049 2059 πρὸς
2091 1968 2173 2039 τὰ
2217 1977 2401 2059 εἰρη-

487 2078 688 2164 μένα,
719 2081 838 2163 τῆς
863 2102 935 2144 τε
963 2082 1347 2162 πολιορκίας
1376 2073 1466 2162 μὴ
1505 2073 1983 2163 προχωρούσης
2022 2071 2191 2144 ἄλλα
2232 2081 2401 2161 μᾶλ-

488 2186 610 2247 λον
635 2179 1114 2265 βλαπτομένων
1141 2183 1277 2246 τῶν
1304 2173 1641 2264 Ῥωμαίων
1658 2172 1703 2265 ἢ
1718 2176 2265 2265 κατορθοῦντων,
2286 2175 2401 2246 τὸν

489 2277 772 2369 στρατὸν
800 2275 835 2348 ὃ
864 2287 1185 2370 Σευῆρος,
1208 2275 1297 2360 ὥς
1324 2276 1414 2367 μὴ
1443 2283 1855 2369 διαφθαρείη
1884 2286 2031 2367 πᾶς,
2060 2277 2401 2368 ἄπρακτον
2426 2301 2465 2343 w

489 2381 895 2469 ἐπανήγαγε,
925 2388 1402 2472 δυσφοροῦντα
1429 2384 1536 2451 ἐπὶ
1574 2390 1667 2476 τῷ
1706 2381 1797 2473 μὴ
1840 2379 1929 2465 ῶς
1968 2384 2283 2471 ἐβούλετο
2324 2380 2403 2451 τὰ

489 2490 604 2572 τῆς
623 2492 1008 2571 πολιορκίας
1025 2482 1207 2579 αὐτῷ
1229 2487 1809 2576 προκεχωρηκέναι
1822 2510 1838 2525 ·
1866 2493 2065 2555 νικᾶν
2080 2484 2209 2575 γὰρ
2228 2482 2403 2555 πάν-

425 2598 460 2651 8
493 2614 638 2656 τοτε
679 2588 754 2656 ἐν
795 2603 937 2668 ταῖς
974 2587 1208 2678 μάχαις
1256 2589 1635 2675 εἰθισμένος
1686 2587 1761 2659 τὸ
1799 2589 1889 2678 μὴ
1930 2591 2403 2678 περιγενέσθαι

489 2680 694 2779 ἧτταν
723 2685 964 2778 ἡγεῖτο.
1019 2690 1196 2779 πλὴν
1223 2692 1745 2780 παρεμυθήσατο
1772 2690 1981 2762 αὐτὸν
2013 2690 2054 2783 ἡ
2082 2714 2404 2781 συναιρο-

489 2796 655 2882 μένη
685 2793 830 2863 τότε
858 2810 993 2877 τοῖς
1018 2798 1283 2871 ἐκείνου
1322 2792 1661 2883 πράγμασι
1699 2794 1895 2884 τύχη·
1938 2794 2021 2866 οὗ
2062 2794 2191 2883 γὰρ
2228 2822 2401 2865 παν-
2427 2820 2465 2861 2⁵

492 2896 778 2967 τάπασιν
816 2894 1149 2986 ἄπρακτος
1189 2900 1609 2986 ἐπανῆλθεν,
1653 2895 1821 2968 ἀλλὰ
1854 2906 2123 2987 μείζονα
2160 2925 2403 2985 κατορ-

426 3015 460 3068 9
495 2998 724 3081 θῶσας
753 2990 850 3069 ῶν
877 2998 1134 3089 ἤλπισε.
1240 3004 1629 3071 καταπλέων
1656 3000 1785 3092 γὰρ
1826 2998 1861 3071 ὁ
1892 3000 2167 3092 στρατὸς
2204 3003 2403 3071 ναυσὶ

495 3111 771 3183 πολλαῖς
807 3100 933 3173 οὐκ
967 3106 1033 3184 ἐς
1077 3099 1154 3182 ἃς
1201 3102 1519 3190 ἐβούλετο
1558 3101 1899 3193 Ῥωμαίων
1942 3103 2151 3194 ὄχθας
2202 3131 2401 3192 κατη-

493 3208 739 3294 νέχθη,
774 3208 893 3275 ἐπὶ·
911 3213 1223 3274 πλεῖστον
1265 3206 1339 3274 δὲ
1380 3204 1590 3277 αὐτὸν
1618 3210 2053 3297 ἐξαγαγόντος
2093 3214 2217 3277 τοῦ
2244 3206 2401 3294 ᾇεύ-
2464 3290 2466 3295 .

494 3334 696 3395 ματος
750 3307 1158 3394 προσῶκειλε
1208 3323 1351 3389 ταῖς
1400 3317 1825 3395 Παρθυαίων
1880 3308 2147 3398 ὄχθαις,
2194 3317 2265 3379 αἲ
2314 3308 2397 3399 μὴ
2427 3326 2466 3373 ³⁰²

495 3416 763 3477 πολλῶν
805 3405 1074 3497 ἡμερῶν
1123 3406 1289 3477 ὁδὸν
1342 3406 1616 3499 ἀπεῖχον
1661 3420 1776 3499 τῆς
1834 3415 1901 3493 ἐς
1961 3419 2401 3501 Κτησιφῶντα

497 3510 782 3598 ἐφόδου,
813 3514 982 3579 ἔνθα
1009 3502 1093 3598 ἦν
1119 3508 1200 3579 τὰ
1225 3518 1528 3599 βασίλεια
1560 3522 1677 3585 τοῦ
1706 3523 2113 3605 Παρθυαίου
2138 3518 2253 3585 καὶ
2278 3511 2403 3584 αὗ-
