<?xml version="1.0" encoding="UTF-8"?>
<!DOCTYPE html PUBLIC "-//W3C//DTD XHTML 1.0 Transitional//EN"
    "http://www.w3.org/TR/xhtml1/DTD/xhtml1-transitional.dtd">
<html xmlns="http://www.w3.org/1999/xhtml" xml:lang="en" lang="en">
 <head>
  <title>
</title>
<meta http-equiv="Content-Type" content="text/html;charset=utf-8" />
  <meta name='ocr-system' content='tesseract 3.04.00' />
  <meta name='ocr-capabilities' content='ocr_page ocr_carea ocr_par ocr_line ocrx_word'/>
</head>
<body>
  <div class='ocr_page' id='page_1' title='image "./herodianiabexce00bekkgoog_0087.png"; bbox 0 0 2475 3859; ppageno 0'>
   <div class='ocr_carea' id='block_1_1' title="bbox 907 142 2005 205">
    <p class='ocr_par' dir='ltr' id='par_1_1' title="bbox 907 142 2005 205">
     <span class='ocr_line' id='line_1_1' title="bbox 907 142 2005 205; baseline -0.002 -3"><span class='ocrx_word' id='word_1_1' title='bbox 907 145 1208 205; x_wconf 85' lang='lat' dir='ltr'><em>TPITON</em></span> <span class='ocrx_word' id='word_1_2' title='bbox 1925 142 2005 201; x_wconf 85' lang='lat'><strong><em>75</em></strong></span> 
     </span>
    </p>
   </div>
   <div class='ocr_carea' id='block_1_2' title="bbox 7 312 2095 3499">
    <p class='ocr_par' dir='ltr' id='par_1_2' title="bbox 87 312 2008 717">
     <span class='ocr_line' id='line_1_2' title="bbox 89 312 2007 405; baseline -0.001 -17"><span class='ocrx_word' id='word_1_3' title='bbox 89 319 215 388; x_wconf 82' lang='grc' dir='ltr'><strong><em>καὶ</em></strong></span> <span class='ocrx_word' id='word_1_4' title='bbox 243 316 388 387; x_wconf 90' lang='grc' dir='ltr'><strong><em>τότε</em></strong></span> <span class='ocrx_word' id='word_1_5' title='bbox 413 312 572 396; x_wconf 84' lang='grc' dir='ltr'><strong><em>τούς</em></strong></span> <span class='ocrx_word' id='word_1_6' title='bbox 605 312 1042 398; x_wconf 75' lang='grc' dir='ltr'><strong><em>άνατολικοῦς</em></strong></span> <span class='ocrx_word' id='word_1_7' title='bbox 1069 314 1543 405; x_wconf 80' lang='grc' dir='ltr'><strong><em>νενικηκότων.</em></strong></span> <span class='ocrx_word' id='word_1_8' title='bbox 1596 318 1778 405; x_wconf 83' lang='grc' dir='ltr'><strong><em>μένει</em></strong></span> <span class='ocrx_word' id='word_1_9' title='bbox 1808 314 1885 385; x_wconf 73' lang='grc' dir='ltr'><strong><em>δὲ</em></strong></span> <span class='ocrx_word' id='word_1_10' title='bbox 1910 322 2007 387; x_wconf 80' lang='grc' dir='ltr'><strong><em>ἔτι</em></strong></span> 
     </span>
     <span class='ocr_line' id='line_1_3' title="bbox 87 418 2007 510; baseline -0.001 -19"><span class='ocrx_word' id='word_1_11' title='bbox 87 429 234 491; x_wconf 81' lang='grc' dir='ltr'><strong><em>νῦν</em></strong></span> <span class='ocrx_word' id='word_1_12' title='bbox 258 418 581 510; x_wconf 86' lang='grc' dir='ltr'><strong><em>τρόπαιον</em></strong></span> <span class='ocrx_word' id='word_1_13' title='bbox 607 422 719 489; x_wconf 80' lang='grc' dir='ltr'><strong><em>καὶ</em></strong></span> <span class='ocrx_word' id='word_1_14' title='bbox 739 426 977 508; x_wconf 75' lang='grc' dir='ltr'><strong><em>δεῖγμα</em></strong></span> <span class='ocrx_word' id='word_1_15' title='bbox 1004 427 1118 509; x_wconf 77' lang='grc' dir='ltr'><strong><em>τῆς</em></strong></span> <span class='ocrx_word' id='word_1_16' title='bbox 1147 425 1340 509; x_wconf 82' lang='grc' dir='ltr'><strong><em>νίκης</em></strong></span> <span class='ocrx_word' id='word_1_17' title='bbox 1364 421 1655 509; x_wconf 76' lang='grc' dir='ltr'><strong><em>ἐκείνης,</em></strong></span> <span class='ocrx_word' id='word_1_18' title='bbox 1682 418 1871 499; x_wconf 81' lang='grc' dir='ltr'><strong><em>πόλις</em></strong></span> <span class='ocrx_word' id='word_1_19' title='bbox 1898 422 2007 489; x_wconf 84' lang='grc' dir='ltr'><strong><em>ἐπὶ</em></strong></span> 
     </span>
     <span class='ocr_line' id='line_1_4' title="bbox 89 520 2008 647; baseline -0.001 -54"><span class='ocrx_word' id='word_1_20' title='bbox 89 532 222 594; x_wconf 84' lang='grc' dir='ltr'><strong><em>τοῦ</em></strong></span> <span class='ocrx_word' id='word_1_21' title='bbox 248 522 464 647; x_wconf 84' lang='grc' dir='ltr'><strong><em>λόφου</em></strong></span> <span class='ocrx_word' id='word_1_22' title='bbox 495 520 956 613; x_wconf 78' lang='grc' dir='ltr'><strong><em>Ἀλεξάνδρεια</em></strong></span> <span class='ocrx_word' id='word_1_23' title='bbox 993 525 1405 613; x_wconf 78' lang='grc' dir='ltr'><strong><em>καλουμένη,</em></strong></span> <span class='ocrx_word' id='word_1_24' title='bbox 1447 520 1711 612; x_wconf 87' lang='grc' dir='ltr'><strong><em>αγαλμά</em></strong></span> <span class='ocrx_word' id='word_1_25' title='bbox 1746 550 1819 592; x_wconf 85' lang='grc' dir='ltr'><strong><em>τε</em></strong></span> <span class='ocrx_word' id='word_1_26' title='bbox 1845 531 2008 611; x_wconf 90' lang='grc' dir='ltr'><strong><em>χαλ-</em></strong></span> 
     </span>
     <span class='ocr_line' id='line_1_5' title="bbox 93 623 1547 717; baseline -0.001 -20"><span class='ocrx_word' id='word_1_27' title='bbox 93 634 278 697; x_wconf 81' lang='grc' dir='ltr'><strong><em>κοῦν</em></strong></span> <span class='ocrx_word' id='word_1_28' title='bbox 303 654 388 695; x_wconf 88' lang='grc' dir='ltr'><strong><em>ου</em></strong></span> <span class='ocrx_word' id='word_1_29' title='bbox 415 623 538 715; x_wconf 85' lang='grc' dir='ltr'><strong><em>τὴν</em></strong></span> <span class='ocrx_word' id='word_1_30' title='bbox 565 623 1077 716; x_wconf 79' lang='grc' dir='ltr'><strong><em>προσηγορίαν</em></strong></span> <span class='ocrx_word' id='word_1_31' title='bbox 1045 655 1082 697; x_wconf 92' lang='grc' dir='ltr'><strong><em>ο</em></strong></span> <span class='ocrx_word' id='word_1_32' title='bbox 1112 626 1311 707; x_wconf 87' lang='grc' dir='ltr'><strong><em>τόπος</em></strong></span> <span class='ocrx_word' id='word_1_33' title='bbox 1338 629 1547 717; x_wconf 87' lang='grc' dir='ltr'><strong><em>φέρει.</em></strong></span> 
     </span>
    </p>

    <p class='ocr_par' dir='ltr' id='par_1_3' title="bbox 17 727 2073 1232">
     <span class='ocr_line' id='line_1_6' title="bbox 17 727 2073 819; baseline -0.002 -20"><span class='ocrx_word' id='word_1_34' title='bbox 17 759 50 799; x_wconf 78' lang='lat'><strong>5</strong></span> <span class='ocrx_word' id='word_1_35' title='bbox 317 731 566 819; x_wconf 81' lang='grc' dir='ltr'><strong><em>συνέβη</em></strong></span> <span class='ocrx_word' id='word_1_36' title='bbox 608 730 684 800; x_wconf 75' lang='grc' dir='ltr'><strong><em>δὲ</em></strong></span> <span class='ocrx_word' id='word_1_37' title='bbox 723 732 833 799; x_wconf 76' lang='grc' dir='ltr'><strong><em>καὶ</em></strong></span> <span class='ocrx_word' id='word_1_38' title='bbox 873 736 1010 799; x_wconf 76' lang='grc' dir='ltr'><strong><em>τῶν</em></strong></span> <span class='ocrx_word' id='word_1_39' title='bbox 1045 732 1514 819; x_wconf 77' lang='grc' dir='ltr'><strong><em>στρατοπέδων</em></strong></span> <span class='ocrx_word' id='word_1_40' title='bbox 1552 736 1671 799; x_wconf 80' lang='grc' dir='ltr'><strong><em>τοῦ</em></strong></span> <span class='ocrx_word' id='word_1_41' title='bbox 1699 727 2007 817; x_wconf 74' lang='grc' dir='ltr'><strong><em>Σεεήρου</em></strong></span> <span class='ocrx_word' id='word_1_42' title='bbox 2036 742 2073 795; x_wconf 80' lang='lat'>4</span> 
     </span>
     <span class='ocr_line' id='line_1_7' title="bbox 91 828 2009 923; baseline -0.001 -20"><span class='ocrx_word' id='word_1_43' title='bbox 91 861 170 903; x_wconf 91' lang='grc' dir='ltr'><strong><em>τε</em></strong></span> <span class='ocrx_word' id='word_1_44' title='bbox 196 833 312 902; x_wconf 80' lang='grc' dir='ltr'><strong><em>καὶ</em></strong></span> <span class='ocrx_word' id='word_1_45' title='bbox 337 840 460 903; x_wconf 82' lang='grc' dir='ltr'><strong><em>τοῦ</em></strong></span> <span class='ocrx_word' id='word_1_46' title='bbox 483 840 754 923; x_wconf 87' lang='grc' dir='ltr'><strong><em>Νίγρου</em></strong></span> <span class='ocrx_word' id='word_1_47' title='bbox 793 830 882 921; x_wconf 83' lang='grc' dir='ltr'><strong><em>μὴ</em></strong></span> <span class='ocrx_word' id='word_1_48' title='bbox 910 830 1034 922; x_wconf 85' lang='grc' dir='ltr'><strong><em>τὴν</em></strong></span> <span class='ocrx_word' id='word_1_49' title='bbox 1059 832 1354 903; x_wconf 77' lang='grc' dir='ltr'><strong><em>σύνοδον</em></strong></span> <span class='ocrx_word' id='word_1_50' title='bbox 1378 832 1587 920; x_wconf 92' lang='grc' dir='ltr'><strong><em>μόνον</em></strong></span> <span class='ocrx_word' id='word_1_51' title='bbox 1612 828 1757 903; x_wconf 85' lang='grc' dir='ltr'><strong><em>κατ’</em></strong></span> <span class='ocrx_word' id='word_1_52' title='bbox 1792 835 2009 902; x_wconf 82' lang='grc' dir='ltr'><strong><em>ἐκεῖνο</em></strong></span> 
     </span>
     <span class='ocr_line' id='line_1_8' title="bbox 91 931 2011 1025; baseline -0.001 -20"><span class='ocrx_word' id='word_1_53' title='bbox 91 938 422 1025; x_wconf 76' lang='grc' dir='ltr'><strong><em>γενέσθαι</em></strong></span> <span class='ocrx_word' id='word_1_54' title='bbox 461 931 535 1006; x_wconf 84' lang='grc' dir='ltr'>τό</span> <span class='ocrx_word' id='word_1_55' title='bbox 564 943 844 1025; x_wconf 82' lang='grc' dir='ltr'><strong><em>χωρίον,</em></strong></span> <span class='ocrx_word' id='word_1_56' title='bbox 883 932 1050 1005; x_wconf 77' lang='grc' dir='ltr'><strong><em>ἀλλὰ</em></strong></span> <span class='ocrx_word' id='word_1_57' title='bbox 1077 938 1194 1005; x_wconf 84' lang='grc' dir='ltr'><strong><em>καὶ</em></strong></span> <span class='ocrx_word' id='word_1_58' title='bbox 1233 934 1357 1024; x_wconf 81' lang='grc' dir='ltr'><strong><em>τὴν</em></strong></span> <span class='ocrx_word' id='word_1_59' title='bbox 1384 935 1594 1024; x_wconf 81' lang='grc' dir='ltr'><strong><em>τύχην</em></strong></span> <span class='ocrx_word' id='word_1_60' title='bbox 1632 932 1869 1024; x_wconf 81' lang='grc' dir='ltr'><strong><em>ὁμοίαν</em></strong></span> <span class='ocrx_word' id='word_1_61' title='bbox 1895 940 2011 1023; x_wconf 81' lang='grc' dir='ltr'><strong><em>τῆς</em></strong></span> 
     </span>
     <span class='ocr_line' id='line_1_9' title="bbox 92 1034 2013 1130; baseline -0.003 -19"><span class='ocrx_word' id='word_1_62' title='bbox 92 1039 322 1127; x_wconf 86' lang='grc' dir='ltr'><strong><em>τύχης.</em></strong></span> <span class='ocrx_word' id='word_1_63' title='bbox 363 1034 1247 1127; x_wconf 81' lang='grc' dir='ltr'><strong><em>ἆντιστρατοπεδευσάμενοι</em></strong></span> <span class='ocrx_word' id='word_1_64' title='bbox 1265 1036 1391 1129; x_wconf 74' lang='grc' dir='ltr'><strong><em>γὰρ</em></strong></span> <span class='ocrx_word' id='word_1_65' title='bbox 1414 1036 1845 1130; x_wconf 67' lang='grc' dir='ltr'><strong><em>ἑκατέρωθενξ</em></strong></span> <span class='ocrx_word' id='word_1_66' title='bbox 1856 1039 2013 1126; x_wconf 80' lang='grc' dir='ltr'><strong><em>περὶ</em></strong></span> 
     </span>
     <span class='ocr_line' id='line_1_10' title="bbox 100 1140 2016 1232; baseline -0.002 -19"><span class='ocrx_word' id='word_1_67' title='bbox 100 1142 417 1230; x_wconf 75' lang='grc' dir='ltr'><strong><em>ἑσπέραν,</em></strong></span> <span class='ocrx_word' id='word_1_68' title='bbox 444 1141 657 1231; x_wconf 87' lang='grc' dir='ltr'><strong><em>πάσης</em></strong></span> <span class='ocrx_word' id='word_1_69' title='bbox 681 1149 798 1231; x_wconf 85' lang='grc' dir='ltr'><strong><em>τῆς</em></strong></span> <span class='ocrx_word' id='word_1_70' title='bbox 822 1140 1066 1222; x_wconf 87' lang='grc' dir='ltr'><strong><em>νυκτὸς</em></strong></span> <span class='ocrx_word' id='word_1_71' title='bbox 1091 1145 1167 1212; x_wconf 88' lang='grc' dir='ltr'><strong><em>ἐν</em></strong></span> <span class='ocrx_word' id='word_1_72' title='bbox 1193 1148 1549 1232; x_wconf 83' lang='grc' dir='ltr'><strong><em>φροντίσιν</em></strong></span> <span class='ocrx_word' id='word_1_73' title='bbox 1574 1141 1873 1231; x_wconf 77' lang='grc' dir='ltr'><strong><em>ἑκάτεροι</em></strong></span> <span class='ocrx_word' id='word_1_74' title='bbox 1900 1142 2016 1211; x_wconf 80' lang='grc' dir='ltr'><strong><em>καὶ</em></strong></span> 
     </span>
    </p>

    <p class='ocr_par' dir='ltr' id='par_1_4' title="bbox 7 1240 2079 1746">
     <span class='ocr_line' id='line_1_11' title="bbox 7 1240 2016 1338; baseline 0 -25"><span class='ocrx_word' id='word_1_75' title='bbox 7 1273 62 1313; x_wconf 78' lang='grc' dir='ltr'><strong><em>ιο</em></strong></span> <span class='ocrx_word' id='word_1_76' title='bbox 100 1247 246 1315; x_wconf 87' lang='grc' dir='ltr'><strong><em>δέει</em></strong></span> <span class='ocrx_word' id='word_1_77' title='bbox 283 1245 962 1335; x_wconf 69' lang='grc' dir='ltr'><strong><em>διαγρηγορήσαντες,</em></strong></span> <span class='ocrx_word' id='word_1_78' title='bbox 1007 1241 1142 1333; x_wconf 77' lang='grc' dir='ltr'><strong><em>ἅμα</em></strong></span> <span class='ocrx_word' id='word_1_79' title='bbox 1183 1241 1353 1338; x_wconf 72' lang='grc' dir='ltr'><strong><em>ἡλίῳ</em></strong></span> <span class='ocrx_word' id='word_1_80' title='bbox 1381 1242 1720 1333; x_wconf 81' lang='grc' dir='ltr'><strong><em>ἀνίσχοντι</em></strong></span> <span class='ocrx_word' id='word_1_81' title='bbox 1754 1240 1859 1315; x_wconf 89' lang='grc' dir='ltr'><strong><em>ἐπ’</em></strong></span> <span class='ocrx_word' id='word_1_82' title='bbox 1892 1241 2016 1313; x_wconf 60' lang='grc' dir='ltr'><strong><em>ἅλω</em></strong></span> 
     </span>
     <span class='ocr_line' id='line_1_12' title="bbox 99 1344 2018 1439; baseline -0.001 -22"><span class='ocrx_word' id='word_1_83' title='bbox 99 1348 350 1437; x_wconf 79' lang='grc' dir='ltr'><strong><em>λήλους</em></strong></span> <span class='ocrx_word' id='word_1_84' title='bbox 401 1344 793 1438; x_wconf 79' lang='grc' dir='ltr'><strong><em>ἠπείγοντο,</em></strong></span> <span class='ocrx_word' id='word_1_85' title='bbox 859 1347 1361 1439; x_wconf 73' lang='grc' dir='ltr'><strong><em>παρορμώντων</em></strong></span> <span class='ocrx_word' id='word_1_86' title='bbox 1412 1350 1831 1439; x_wconf 83' lang='grc' dir='ltr'><strong><em>ἑκατέρωθεν</em></strong></span> <span class='ocrx_word' id='word_1_87' title='bbox 1880 1354 2018 1417; x_wconf 74' lang='grc' dir='ltr'><strong><em>τῶν</em></strong></span> 
     </span>
     <span class='ocr_line' id='line_1_13' title="bbox 100 1446 2017 1544; baseline -0.002 -22"><span class='ocrx_word' id='word_1_88' title='bbox 100 1456 518 1541; x_wconf 72' lang='grc' dir='ltr'><strong><em>στρατηγῶν.</em></strong></span> <span class='ocrx_word' id='word_1_89' title='bbox 585 1458 936 1544; x_wconf 73' lang='grc' dir='ltr'><strong><em>προθυμίᾳ</em></strong></span> <span class='ocrx_word' id='word_1_90' title='bbox 975 1449 1060 1540; x_wconf 85' lang='grc' dir='ltr'><strong><em>δὴ</em></strong></span> <span class='ocrx_word' id='word_1_91' title='bbox 1091 1452 1271 1542; x_wconf 81' lang='grc' dir='ltr'><strong><em>πάσῃ</em></strong></span> <span class='ocrx_word' id='word_1_92' title='bbox 1324 1453 1679 1521; x_wconf 80' lang='grc' dir='ltr'><strong><em>ἐνέπιπτον</em></strong></span> <span class='ocrx_word' id='word_1_93' title='bbox 1716 1446 1805 1532; x_wconf 71' lang='grc' dir='ltr'><strong><em>ὥς</em></strong></span> <span class='ocrx_word' id='word_1_94' title='bbox 1846 1446 2017 1538; x_wconf 72' lang='grc' dir='ltr'><strong><em>ὑπὲρ</em></strong></span> 
     </span>
     <span class='ocr_line' id='line_1_14' title="bbox 101 1550 2023 1643; baseline -0.002 -19"><span class='ocrx_word' id='word_1_95' title='bbox 101 1560 340 1641; x_wconf 84' lang='grc' dir='ltr'><strong><em>λοιπῆς</em></strong></span> <span class='ocrx_word' id='word_1_96' title='bbox 365 1555 480 1623; x_wconf 83' lang='grc' dir='ltr'><strong><em>καὶ</em></strong></span> <span class='ocrx_word' id='word_1_97' title='bbox 505 1560 887 1635; x_wconf 82' lang='grc' dir='ltr'><strong><em>τελευταίας</em></strong></span> <span class='ocrx_word' id='word_1_98' title='bbox 913 1557 1172 1643; x_wconf 79' lang='grc' dir='ltr'><strong><em>ἐκείνης</em></strong></span> <span class='ocrx_word' id='word_1_99' title='bbox 1203 1553 1433 1642; x_wconf 86' lang='grc' dir='ltr'><strong><em>μάχης,</em></strong></span> <span class='ocrx_word' id='word_1_100' title='bbox 1460 1550 1659 1625; x_wconf 69' lang='grc' dir='ltr'><strong><em>κάκεῖ</em></strong></span> <span class='ocrx_word' id='word_1_101' title='bbox 1678 1562 1793 1643; x_wconf 84' lang='grc' dir='ltr'><strong><em>τῆς</em></strong></span> <span class='ocrx_word' id='word_1_102' title='bbox 1818 1552 2023 1642; x_wconf 88' lang='grc' dir='ltr'><strong><em>τύχης</em></strong></span> 
     </span>
     <span class='ocr_line' id='line_1_15' title="bbox 103 1653 2079 1746; baseline -0.004 -19"><span class='ocrx_word' id='word_1_103' title='bbox 103 1655 579 1746; x_wconf 81' lang='grc' dir='ltr'><strong><em>διακρινούσης</em></strong></span> <span class='ocrx_word' id='word_1_104' title='bbox 616 1660 738 1727; x_wconf 82' lang='grc' dir='ltr'><strong><em>τὸν</em></strong></span> <span class='ocrx_word' id='word_1_105' title='bbox 765 1659 1059 1746; x_wconf 84' lang='grc' dir='ltr'><strong><em>βασιλέα.</em></strong></span> <span class='ocrx_word' id='word_1_106' title='bbox 1163 1659 1273 1728; x_wconf 76' lang='grc' dir='ltr'><strong><em>ἐπὶ</em></strong></span> <span class='ocrx_word' id='word_1_107' title='bbox 1297 1655 1469 1727; x_wconf 78' lang='grc' dir='ltr'><strong><em>πολὺ</em></strong></span> <span class='ocrx_word' id='word_1_108' title='bbox 1511 1656 1587 1727; x_wconf 76' lang='grc' dir='ltr'><strong><em>δὲ</em></strong></span> <span class='ocrx_word' id='word_1_109' title='bbox 1614 1653 1842 1727; x_wconf 76' lang='grc' dir='ltr'><strong><em>αὐτῶν</em></strong></span> <span class='ocrx_word' id='word_1_110' title='bbox 1866 1661 2019 1726; x_wconf 89' lang='grc' dir='ltr'><strong><em>δια-</em></strong></span> <span class='ocrx_word' id='word_1_111' title='bbox 2045 1667 2079 1719; x_wconf 85' lang='grc'>5</span> 
     </span>
    </p>

    <p class='ocr_par' dir='ltr' id='par_1_5' title="bbox 11 1756 2031 2262">
     <span class='ocr_line' id='line_1_16' title="bbox 11 1756 2021 1853; baseline 0 -25"><span class='ocrx_word' id='word_1_112' title='bbox 11 1780 68 1822; x_wconf 75' lang='lat'><strong><em>1⁶</em></strong></span> <span class='ocrx_word' id='word_1_113' title='bbox 105 1760 588 1849; x_wconf 82' lang='grc' dir='ltr'><strong><em>γωνισαμένων</em></strong></span> <span class='ocrx_word' id='word_1_114' title='bbox 621 1765 874 1829; x_wconf 84' lang='grc' dir='ltr'><strong><em>πολλοῦ</em></strong></span> <span class='ocrx_word' id='word_1_115' title='bbox 906 1787 978 1829; x_wconf 90' lang='grc' dir='ltr'><strong><em>τε</em></strong></span> <span class='ocrx_word' id='word_1_116' title='bbox 1015 1762 1459 1853; x_wconf 81' lang='grc' dir='ltr'><strong><em>ἐργασθέντος</em></strong></span> <span class='ocrx_word' id='word_1_117' title='bbox 1488 1756 1743 1848; x_wconf 86' lang='grc' dir='ltr'><strong><em>φόνου,</em></strong></span> <span class='ocrx_word' id='word_1_118' title='bbox 1779 1787 1871 1839; x_wconf 85' lang='grc' dir='ltr'><strong><em>ως</em></strong></span> <span class='ocrx_word' id='word_1_119' title='bbox 1907 1761 2021 1829; x_wconf 79' lang='grc' dir='ltr'><strong><em>καὶ</em></strong></span> 
     </span>
     <span class='ocr_line' id='line_1_17' title="bbox 104 1859 2021 1953; baseline -0.001 -22"><span class='ocrx_word' id='word_1_120' title='bbox 104 1890 192 1931; x_wconf 86' lang='grc' dir='ltr'><strong><em>τα</em></strong></span> <span class='ocrx_word' id='word_1_121' title='bbox 219 1865 462 1953; x_wconf 78' lang='grc' dir='ltr'><strong><em>ῥεῖθρα</em></strong></span> <span class='ocrx_word' id='word_1_122' title='bbox 497 1890 634 1933; x_wconf 91' lang='grc' dir='ltr'><strong><em>των</em></strong></span> <span class='ocrx_word' id='word_1_123' title='bbox 674 1859 790 1931; x_wconf 81' lang='grc' dir='ltr'><strong><em>διὰ</em></strong></span> <span class='ocrx_word' id='word_1_124' title='bbox 826 1870 946 1931; x_wconf 81' lang='grc' dir='ltr'><strong><em>τοῦ</em></strong></span> <span class='ocrx_word' id='word_1_125' title='bbox 973 1868 1214 1933; x_wconf 84' lang='grc' dir='ltr'><strong><em>πεδίου</em></strong></span> <span class='ocrx_word' id='word_1_126' title='bbox 1248 1889 1563 1951; x_wconf 88' lang='grc' dir='ltr'><strong><em>ποταμων</em></strong></span> <span class='ocrx_word' id='word_1_127' title='bbox 1593 1862 1887 1951; x_wconf 81' lang='grc' dir='ltr'><strong><em>ῥεόντων</em></strong></span> <span class='ocrx_word' id='word_1_128' title='bbox 1912 1866 2021 1931; x_wconf 80' lang='grc' dir='ltr'><strong><em>αἵ-</em></strong></span> 
     </span>
     <span class='ocr_line' id='line_1_18' title="bbox 103 1954 2023 2089; baseline -0.001 -54"><span class='ocrx_word' id='word_1_129' title='bbox 103 1992 312 2055; x_wconf 89' lang='grc' dir='ltr'><strong><em>ματος</em></strong></span> <span class='ocrx_word' id='word_1_130' title='bbox 337 1960 638 2037; x_wconf 75' lang='grc' dir='ltr'><strong><em>πλεῖον’“</em></strong></span> <span class='ocrx_word' id='word_1_131' title='bbox 595 1994 636 2054; x_wconf 91' lang='grc' dir='ltr'><strong><em>η</em></strong></span> <span class='ocrx_word' id='word_1_132' title='bbox 665 1961 912 2046; x_wconf 77' lang='grc' dir='ltr'><strong><em>ὕδατος</em></strong></span> <span class='ocrx_word' id='word_1_133' title='bbox 935 1965 1253 2055; x_wconf 81' lang='grc' dir='ltr'><strong><em>κατάγειν</em></strong></span> <span class='ocrx_word' id='word_1_134' title='bbox 1278 1968 1346 2047; x_wconf 91' lang='grc' dir='ltr'><strong><em>ἐς</em></strong></span> <span class='ocrx_word' id='word_1_135' title='bbox 1384 1966 1769 2051; x_wconf 76' lang='grc' dir='ltr'><strong><em>θάλασσαν,</em></strong></span> <span class='ocrx_word' id='word_1_136' title='bbox 1810 1954 2023 2089; x_wconf 80' lang='grc' dir='ltr'><strong><em>τροπῆ</em></strong></span> 
     </span>
     <span class='ocr_line' id='line_1_19' title="bbox 105 2065 2031 2158; baseline -0.001 -20"><span class='ocrx_word' id='word_1_137' title='bbox 105 2096 250 2139; x_wconf 90' lang='grc' dir='ltr'><strong><em>των</em></strong></span> <span class='ocrx_word' id='word_1_138' title='bbox 275 2065 690 2140; x_wconf 82' lang='grc' dir='ltr'><strong><em>ἆνατολικων</em></strong></span> <span class='ocrx_word' id='word_1_139' title='bbox 713 2074 988 2156; x_wconf 83' lang='grc' dir='ltr'><strong><em>γίνεται.</em></strong></span> <span class='ocrx_word' id='word_1_140' title='bbox 1056 2068 1519 2158; x_wconf 76' lang='grc' dir='ltr'><strong><em>ἐκβιασάμενοι</em></strong></span> <span class='ocrx_word' id='word_1_141' title='bbox 1564 2068 1641 2137; x_wconf 72' lang='grc' dir='ltr'><strong><em>δὲ</em></strong></span> <span class='ocrx_word' id='word_1_142' title='bbox 1682 2065 1929 2147; x_wconf 74' lang='grc' dir='ltr'><strong><em>αὐτοὺς</em></strong></span> <span class='ocrx_word' id='word_1_143' title='bbox 1958 2071 2031 2136; x_wconf 70' lang='lat' dir='ltr'><strong><em>ol</em></strong></span> 
     </span>
     <span class='ocr_line' id='line_1_20' title="bbox 97 2168 2028 2262; baseline -0.001 -20.989"><span class='ocrx_word' id='word_1_144' title='bbox 97 2168 415 2261; x_wconf 81' lang='grc' dir='ltr'><strong><em>Ἰλλυριοὶ</em></strong></span> <span class='ocrx_word' id='word_1_145' title='bbox 441 2169 597 2252; x_wconf 75' lang='grc' dir='ltr'><strong><em>τούς</em></strong></span> <span class='ocrx_word' id='word_1_146' title='bbox 622 2170 746 2260; x_wconf 75' lang='grc' dir='ltr'><strong><em>μὲν</em></strong></span> <span class='ocrx_word' id='word_1_147' title='bbox 785 2173 852 2253; x_wconf 87' lang='grc' dir='ltr'><strong><em>ἐς</em></strong></span> <span class='ocrx_word' id='word_1_148' title='bbox 878 2169 1002 2257; x_wconf 83' lang='grc' dir='ltr'><strong><em>τὴν</em></strong></span> <span class='ocrx_word' id='word_1_149' title='bbox 1029 2175 1525 2262; x_wconf 84' lang='grc' dir='ltr'><strong><em>παρακειμένην</em></strong></span> <span class='ocrx_word' id='word_1_150' title='bbox 1550 2170 1899 2241; x_wconf 79' lang='grc' dir='ltr'><strong><em>θάλασσαν</em></strong></span> <span class='ocrx_word' id='word_1_151' title='bbox 1922 2198 2028 2239; x_wconf 85' lang='grc' dir='ltr'><strong><em>τι-</em></strong></span> 
     </span>
    </p>

    <p class='ocr_par' dir='ltr' id='par_1_6' title="bbox 19 2272 2029 2774">
     <span class='ocr_line' id='line_1_21' title="bbox 19 2272 2029 2365; baseline 0.001 -26"><span class='ocrx_word' id='word_1_152' title='bbox 19 2297 76 2339; x_wconf 68' lang='grc' dir='ltr'><strong><em>σο</em></strong></span> <span class='ocrx_word' id='word_1_153' title='bbox 113 2274 526 2362; x_wconf 76' lang='grc' dir='ltr'><strong><em>τρωσκοντες</em></strong></span> <span class='ocrx_word' id='word_1_154' title='bbox 565 2278 928 2363; x_wconf 78' lang='grc' dir='ltr'><strong><em>ἐξωθοῦσι,</em></strong></span> <span class='ocrx_word' id='word_1_155' title='bbox 974 2273 1132 2357; x_wconf 77' lang='grc' dir='ltr'><strong><em>τοὺς</em></strong></span> <span class='ocrx_word' id='word_1_156' title='bbox 1169 2275 1245 2345; x_wconf 76' lang='grc' dir='ltr'><strong><em>δὲ</em></strong></span> <span class='ocrx_word' id='word_1_157' title='bbox 1300 2274 1673 2365; x_wconf 86' lang='grc' dir='ltr'><strong><em>φεύγοντας</em></strong></span> <span class='ocrx_word' id='word_1_158' title='bbox 1714 2275 1823 2345; x_wconf 79' lang='grc' dir='ltr'><strong><em>ἐπὶ</em></strong></span> <span class='ocrx_word' id='word_1_159' title='bbox 1868 2272 2029 2355; x_wconf 75' lang='grc' dir='ltr'><strong><em>τούς</em></strong></span> 
     </span>
     <span class='ocr_line' id='line_1_22' title="bbox 112 2374 2029 2467; baseline 0 -21"><span class='ocrx_word' id='word_1_160' title='bbox 112 2377 372 2467; x_wconf 83' lang='grc' dir='ltr'><strong><em>λόφους</em></strong></span> <span class='ocrx_word' id='word_1_161' title='bbox 409 2375 766 2457; x_wconf 73' lang='grc' dir='ltr'><strong><em>διώκοντες</em></strong></span> <span class='ocrx_word' id='word_1_162' title='bbox 793 2374 1039 2459; x_wconf 80' lang='grc' dir='ltr'><strong><em>αὐτούς</em></strong></span> <span class='ocrx_word' id='word_1_163' title='bbox 1076 2405 1148 2448; x_wconf 88' lang='grc' dir='ltr'><strong><em>τε</em></strong></span> <span class='ocrx_word' id='word_1_164' title='bbox 1191 2377 1563 2467; x_wconf 86' lang='grc' dir='ltr'><strong><em>φονεύουσι</em></strong></span> <span class='ocrx_word' id='word_1_165' title='bbox 1600 2380 1715 2447; x_wconf 81' lang='grc' dir='ltr'><strong><em>καὶ</em></strong></span> <span class='ocrx_word' id='word_1_166' title='bbox 1750 2377 1927 2447; x_wconf 89' lang='grc' dir='ltr'><strong><em>πολύ</em></strong></span> <span class='ocrx_word' id='word_1_167' title='bbox 1964 2404 2029 2447; x_wconf 85' lang='grc' dir='ltr'><strong><em>τι</em></strong></span> 
     </span>
     <span class='ocr_line' id='line_1_23' title="bbox 111 2476 2028 2570; baseline -0.001 -20"><span class='ocrx_word' id='word_1_168' title='bbox 111 2487 375 2569; x_wconf 76' lang='grc' dir='ltr'><strong><em>πλῆθος</em></strong></span> <span class='ocrx_word' id='word_1_169' title='bbox 403 2476 626 2552; x_wconf 74' lang='grc' dir='ltr'><strong><em>ἄλλων</em></strong></span> <span class='ocrx_word' id='word_1_170' title='bbox 653 2476 1074 2569; x_wconf 70' lang='grc' dir='ltr'><strong><em>ἀνθρώπων,</em></strong></span> <span class='ocrx_word' id='word_1_171' title='bbox 1111 2476 1280 2570; x_wconf 78' lang='grc' dir='ltr'><strong><em>ὅπερ</em></strong></span> <span class='ocrx_word' id='word_1_172' title='bbox 1328 2488 1401 2552; x_wconf 80' lang='grc' dir='ltr'><strong><em>ἔκ</em></strong></span> <span class='ocrx_word' id='word_1_173' title='bbox 1441 2508 1513 2551; x_wconf 90' lang='grc' dir='ltr'><strong><em>τε</em></strong></span> <span class='ocrx_word' id='word_1_174' title='bbox 1556 2486 1691 2551; x_wconf 77' lang='grc' dir='ltr'><strong><em>τῶν</em></strong></span> <span class='ocrx_word' id='word_1_175' title='bbox 1730 2506 2028 2567; x_wconf 86' lang='grc' dir='ltr'><strong><em>περικει-</em></strong></span> 
     </span>
     <span class='ocr_line' id='line_1_24' title="bbox 111 2579 2029 2672; baseline 0.001 -20"><span class='ocrx_word' id='word_1_176' title='bbox 111 2584 342 2672; x_wconf 87' lang='grc' dir='ltr'><strong><em>μένων</em></strong></span> <span class='ocrx_word' id='word_1_177' title='bbox 385 2582 649 2653; x_wconf 84' lang='grc' dir='ltr'><strong><em>πόλεων</em></strong></span> <span class='ocrx_word' id='word_1_178' title='bbox 687 2584 800 2653; x_wconf 79' lang='grc' dir='ltr'><strong><em>καὶ</em></strong></span> <span class='ocrx_word' id='word_1_179' title='bbox 843 2579 1074 2670; x_wconf 75' lang='grc' dir='ltr'><strong><em>ἀγρῶν</em></strong></span> <span class='ocrx_word' id='word_1_180' title='bbox 1117 2581 1474 2672; x_wconf 80' lang='grc' dir='ltr'><strong><em>ἤθροιστο,</em></strong></span> <span class='ocrx_word' id='word_1_181' title='bbox 1510 2579 1601 2663; x_wconf 73' lang='grc' dir='ltr'><strong><em>ὥς</em></strong></span> <span class='ocrx_word' id='word_1_182' title='bbox 1642 2579 1760 2653; x_wconf 78' lang='grc' dir='ltr'><strong><em>ἄπ’</em></strong></span> <span class='ocrx_word' id='word_1_183' title='bbox 1804 2580 2029 2672; x_wconf 77' lang='grc' dir='ltr'><strong><em>ἀσφα-</em></strong></span> 
     </span>
     <span class='ocr_line' id='line_1_25' title="bbox 114 2682 1531 2774; baseline 0 -19"><span class='ocrx_word' id='word_1_184' title='bbox 114 2693 279 2769; x_wconf 83' lang='grc' dir='ltr'><strong><em>λοῦς</em></strong></span> <span class='ocrx_word' id='word_1_185' title='bbox 305 2693 427 2755; x_wconf 85' lang='grc' dir='ltr'><strong><em>τοῦ</em></strong></span> <span class='ocrx_word' id='word_1_186' title='bbox 453 2685 664 2756; x_wconf 88' lang='grc' dir='ltr'><strong><em>τόπου</em></strong></span> <span class='ocrx_word' id='word_1_187' title='bbox 689 2682 772 2755; x_wconf 78' lang='grc' dir='ltr'><strong><em>τὰ</em></strong></span> <span class='ocrx_word' id='word_1_188' title='bbox 805 2685 1126 2774; x_wconf 87' lang='grc' dir='ltr'><strong><em>γινόμενα</em></strong></span> <span class='ocrx_word' id='word_1_189' title='bbox 1155 2685 1531 2757; x_wconf 82' lang='grc' dir='ltr'><strong><em>θεάσοιντο.</em></strong></span> 
     </span>
    </p>

    <p class='ocr_par' dir='ltr' id='par_1_7' title="bbox 25 2783 2095 3084">
     <span class='ocr_line' id='line_1_26' title="bbox 25 2783 2095 2881; baseline -0.004 -19"><span class='ocrx_word' id='word_1_190' title='bbox 25 2822 83 2864; x_wconf 76' lang='lat'><strong><em>25</em></strong></span> <span class='ocrx_word' id='word_1_191' title='bbox 325 2784 364 2858; x_wconf 79' lang='grc' dir='ltr'><strong>ὁ</strong></span> <span class='ocrx_word' id='word_1_192' title='bbox 398 2789 474 2859; x_wconf 80' lang='grc' dir='ltr'><strong><em>δὲ</em></strong></span> <span class='ocrx_word' id='word_1_193' title='bbox 507 2796 763 2877; x_wconf 89' lang='grc' dir='ltr'><strong><em>Νίγρος</em></strong></span> <span class='ocrx_word' id='word_1_194' title='bbox 793 2792 972 2880; x_wconf 76' lang='grc' dir='ltr'><strong><em>ἵππῳ</em></strong></span> <span class='ocrx_word' id='word_1_195' title='bbox 1001 2796 1289 2881; x_wconf 76' lang='grc' dir='ltr'><strong><em>γενναίῳ</em></strong></span> <span class='ocrx_word' id='word_1_196' title='bbox 1316 2787 1761 2877; x_wconf 80' lang='grc' dir='ltr'><strong><em>ἐποχούμενος</em></strong></span> <span class='ocrx_word' id='word_1_197' title='bbox 1792 2783 2029 2873; x_wconf 87' lang='grc' dir='ltr'><strong><em>φεύγει</em></strong></span> <span class='ocrx_word' id='word_1_198' title='bbox 2060 2804 2095 2861; x_wconf 81' lang='grc'>6</span> 
     </span>
     <span class='ocr_line' id='line_1_27' title="bbox 116 2887 2034 2981; baseline -0.001 -20"><span class='ocrx_word' id='word_1_199' title='bbox 116 2888 264 2981; x_wconf 89' lang='grc' dir='ltr'><strong><em>μετ’</em></strong></span> <span class='ocrx_word' id='word_1_200' title='bbox 297 2888 574 2980; x_wconf 84' lang='grc' dir='ltr'><strong><em>ὀλίγων,</em></strong></span> <span class='ocrx_word' id='word_1_201' title='bbox 605 2898 672 2972; x_wconf 79' lang='grc' dir='ltr'><strong><em>ἒς</em></strong></span> <span class='ocrx_word' id='word_1_202' title='bbox 697 2918 770 2960; x_wconf 87' lang='grc' dir='ltr'><strong><em>τε</em></strong></span> <span class='ocrx_word' id='word_1_203' title='bbox 795 2888 917 2979; x_wconf 81' lang='grc' dir='ltr'><strong><em>τὴν</em></strong></span> <span class='ocrx_word' id='word_1_204' title='bbox 931 2887 1349 2979; x_wconf 77' lang='grc' dir='ltr'><strong><em>-Ἀντιόχειαν</em></strong></span> <span class='ocrx_word' id='word_1_205' title='bbox 1376 2887 1775 2979; x_wconf 69' lang='grc' dir='ltr'><strong><em>ἀφικνεῖται.</em></strong></span> <span class='ocrx_word' id='word_1_206' title='bbox 1828 2916 2034 2959; x_wconf 80' lang='grc' dir='ltr'><strong><em>κατα-</em></strong></span> 
     </span>
     <span class='ocr_line' id='line_1_28' title="bbox 117 2992 2038 3084; baseline -0.002 -19"><span class='ocrx_word' id='word_1_207' title='bbox 117 2992 352 3084; x_wconf 73' lang='grc' dir='ltr'><strong><em>λαβών</em></strong></span> <span class='ocrx_word' id='word_1_208' title='bbox 383 2995 460 3065; x_wconf 71' lang='grc' dir='ltr'><strong><em>δὲ</em></strong></span> <span class='ocrx_word' id='word_1_209' title='bbox 487 2994 828 3083; x_wconf 86' lang='grc' dir='ltr'><strong><em>φεύγοντα</em></strong></span> <span class='ocrx_word' id='word_1_210' title='bbox 853 2992 972 3063; x_wconf 82' lang='grc' dir='ltr'><strong><em>τὸν</em></strong></span> <span class='ocrx_word' id='word_1_211' title='bbox 996 2992 1234 3065; x_wconf 86' lang='grc' dir='ltr'><strong><em>λοιπὸν</em></strong></span> <span class='ocrx_word' id='word_1_212' title='bbox 1260 2999 1493 3083; x_wconf 82' lang='grc' dir='ltr'><strong><em>δῆμον,</em></strong></span> <span class='ocrx_word' id='word_1_213' title='bbox 1526 3002 1593 3064; x_wconf 73' lang='grc' dir='ltr'><strong><em>εἴ</em></strong></span> <span class='ocrx_word' id='word_1_214' title='bbox 1611 2995 1687 3062; x_wconf 87' lang='grc' dir='ltr'><strong><em>τέ</em></strong></span> <span class='ocrx_word' id='word_1_215' title='bbox 1707 3020 1807 3073; x_wconf 89' lang='grc' dir='ltr'><strong><em>τις</em></strong></span> <span class='ocrx_word' id='word_1_216' title='bbox 1830 3020 2038 3063; x_wconf 85' lang='grc' dir='ltr'><strong><em>κατα-</em></strong></span> 
     </span>
    </p>

    <p class='ocr_par' dir='ltr' id='par_1_8' title="bbox 119 3094 2039 3290">
     <span class='ocr_line' id='line_1_29' title="bbox 119 3094 2037 3188; baseline -0.002 -21"><span class='ocrx_word' id='word_1_217' title='bbox 119 3100 461 3186; x_wconf 87' lang='grc' dir='ltr'><strong><em>λέλειπτο,</em></strong></span> <span class='ocrx_word' id='word_1_218' title='bbox 489 3097 788 3186; x_wconf 82' lang='grc' dir='ltr'><strong><em>οἰμωγήν</em></strong></span> <span class='ocrx_word' id='word_1_219' title='bbox 820 3124 894 3166; x_wconf 91' lang='grc' dir='ltr'><strong><em>τε</em></strong></span> <span class='ocrx_word' id='word_1_220' title='bbox 929 3099 1042 3167; x_wconf 81' lang='grc' dir='ltr'><strong><em>καὶ</em></strong></span> <span class='ocrx_word' id='word_1_221' title='bbox 1069 3100 1323 3179; x_wconf 78' lang='grc' dir='ltr'><strong><em>πένθος</em></strong></span> <span class='ocrx_word' id='word_1_222' title='bbox 1348 3099 1423 3167; x_wconf 89' lang='grc' dir='ltr'><strong><em>ἐν</em></strong></span> <span class='ocrx_word' id='word_1_223' title='bbox 1463 3103 1543 3188; x_wconf 81' lang='grc' dir='ltr'><strong><em>τῇ</em></strong></span> <span class='ocrx_word' id='word_1_224' title='bbox 1569 3096 1761 3166; x_wconf 88' lang='grc' dir='ltr'><strong><em>πόλει</em></strong></span> <span class='ocrx_word' id='word_1_225' title='bbox 1795 3094 2037 3175; x_wconf 70' lang='grc' dir='ltr'><strong><em>παῖδάς</em></strong></span> 
     </span>
     <span class='ocr_line' id='line_1_30' title="bbox 121 3195 2039 3290; baseline -0.002 -19"><span class='ocrx_word' id='word_1_226' title='bbox 121 3227 198 3271; x_wconf 89' lang='grc' dir='ltr'><strong><em>τε</em></strong></span> <span class='ocrx_word' id='word_1_227' title='bbox 221 3201 338 3271; x_wconf 79' lang='grc' dir='ltr'><strong><em>καὶ</em></strong></span> <span class='ocrx_word' id='word_1_228' title='bbox 365 3196 702 3289; x_wconf 75' lang='grc' dir='ltr'><strong><em>ἀδελφοὺς</em></strong></span> <span class='ocrx_word' id='word_1_229' title='bbox 727 3201 1174 3289; x_wconf 82' lang='grc' dir='ltr'><strong><em>θρηνούντων</em></strong></span> <span class='ocrx_word' id='word_1_230' title='bbox 1189 3252 1210 3287; x_wconf 92' lang='grc'><strong><em>,</em></strong></span> <span class='ocrx_word' id='word_1_231' title='bbox 1240 3200 1597 3290; x_wconf 83' lang='grc' dir='ltr'><strong><em>γενόμενος</em></strong></span> <span class='ocrx_word' id='word_1_232' title='bbox 1621 3201 1696 3268; x_wconf 91' lang='grc' dir='ltr'><strong><em>ἐν</em></strong></span> <span class='ocrx_word' id='word_1_233' title='bbox 1722 3195 2039 3287; x_wconf 51' lang='grc' dir='ltr'><strong><em>ἀπογνωῖ-</em></strong></span> 
     </span>
    </p>

    <p class='ocr_par' dir='ltr' id='par_1_9' title="bbox 37 3299 2043 3499">
     <span class='ocr_line' id='line_1_31' title="bbox 37 3299 2041 3392; baseline -0.002 -18"><span class='ocrx_word' id='word_1_234' title='bbox 37 3332 92 3374; x_wconf 73' lang='grc' dir='ltr'><strong><em>ω</em></strong></span> <span class='ocrx_word' id='word_1_235' title='bbox 125 3324 232 3378; x_wconf 84' lang='grc' dir='ltr'><strong><em>σει</em></strong></span> <span class='ocrx_word' id='word_1_236' title='bbox 257 3306 372 3373; x_wconf 80' lang='grc' dir='ltr'><strong><em>καὶ</em></strong></span> <span class='ocrx_word' id='word_1_237' title='bbox 397 3300 600 3384; x_wconf 77' lang='grc' dir='ltr'><strong><em>αὐτὸς</em></strong></span> <span class='ocrx_word' id='word_1_238' title='bbox 626 3306 700 3374; x_wconf 84' lang='grc' dir='ltr'><strong><em>ἐκ</em></strong></span> <span class='ocrx_word' id='word_1_239' title='bbox 716 3310 833 3391; x_wconf 82' lang='grc' dir='ltr'><strong><em>τῆς</em></strong></span> <span class='ocrx_word' id='word_1_240' title='bbox 853 3299 1251 3392; x_wconf 81' lang='grc' dir='ltr'><strong><em>Ἀντιοχείας</em></strong></span> <span class='ocrx_word' id='word_1_241' title='bbox 1277 3300 1770 3391; x_wconf 78' lang='grc' dir='ltr'><strong><em>ἀποδιδράσκει.</em></strong></span> <span class='ocrx_word' id='word_1_242' title='bbox 1822 3302 1937 3371; x_wconf 81' lang='grc' dir='ltr'><strong><em>καὶ</em></strong></span> <span class='ocrx_word' id='word_1_243' title='bbox 1962 3306 2041 3371; x_wconf 78' lang='grc' dir='ltr'><strong><em>ἐν</em></strong></span> 
     </span>
     <span class='ocr_line' id='line_1_32' title="bbox 125 3399 2043 3499; baseline -0.002 -22"><span class='ocrx_word' id='word_1_244' title='bbox 125 3435 264 3478; x_wconf 90' lang='grc' dir='ltr'><strong><em>τινι</em></strong></span> <span class='ocrx_word' id='word_1_245' title='bbox 306 3413 682 3499; x_wconf 74' lang='grc' dir='ltr'><strong><em>προαστείῳ</em></strong></span> <span class='ocrx_word' id='word_1_246' title='bbox 724 3406 1214 3497; x_wconf 86' lang='grc' dir='ltr'><strong><em>κρυπτόμενος,</em></strong></span> <span class='ocrx_word' id='word_1_247' title='bbox 1266 3402 1573 3497; x_wconf 76' lang='grc' dir='ltr'><strong><em>εὑρεθείς</em></strong></span> <span class='ocrx_word' id='word_1_248' title='bbox 1614 3430 1687 3475; x_wconf 86' lang='grc' dir='ltr'><strong><em>τε</em></strong></span> <span class='ocrx_word' id='word_1_249' title='bbox 1729 3399 1862 3475; x_wconf 79' lang='grc' dir='ltr'><strong><em>ὑπὸ</em></strong></span> <span class='ocrx_word' id='word_1_250' title='bbox 1904 3409 2043 3474; x_wconf 78' lang='grc' dir='ltr'><strong><em>τῶν</em></strong></span> 
     </span>
    </p>
   </div>
  </div>
 </body>
</html>
