<?xml version="1.0" encoding="UTF-8"?>
<!DOCTYPE html PUBLIC "-//W3C//DTD XHTML 1.0 Transitional//EN"
    "http://www.w3.org/TR/xhtml1/DTD/xhtml1-transitional.dtd">
<html xmlns="http://www.w3.org/1999/xhtml" xml:lang="en" lang="en">
 <head>
  <title>
</title>
<meta http-equiv="Content-Type" content="text/html;charset=utf-8" />
  <meta name='ocr-system' content='tesseract 3.04.00' />
  <meta name='ocr-capabilities' content='ocr_page ocr_carea ocr_par ocr_line ocrx_word'/>
</head>
<body>
  <div class='ocr_page' id='page_1' title='image "./herodianiabexce00bekkgoog_0108.png"; bbox 0 0 2475 3859; ppageno 0'>
   <div class='ocr_carea' id='block_1_1' title="bbox 524 142 1627 206">
    <p class='ocr_par' dir='ltr' id='par_1_1' title="bbox 524 142 1627 206">
     <span class='ocr_line' id='line_1_1' title="bbox 524 142 1627 206; baseline 0.003 -3"><span class='ocrx_word' id='word_1_1' title='bbox 524 142 606 205; x_wconf 81' lang='lat'><strong><em>96</em></strong></span> <span class='ocrx_word' id='word_1_2' title='bbox 1324 144 1627 206; x_wconf 91' lang='lat' dir='ltr'><em>TPITON</em></span> 
     </span>
    </p>
   </div>
   <div class='ocr_carea' id='block_1_2' title="bbox 419 311 2475 3594">
    <p class='ocr_par' dir='ltr' id='par_1_2' title="bbox 419 311 2475 3594">
     <span class='ocr_line' id='line_1_2' title="bbox 524 311 2426 404; baseline 0 -19"><span class='ocrx_word' id='word_1_3' title='bbox 524 320 799 404; x_wconf 86' lang='grc' dir='ltr'><strong><em>ηγορίας</em></strong></span> <span class='ocrx_word' id='word_1_4' title='bbox 851 313 1257 403; x_wconf 88' lang='grc' dir='ltr'><strong><em>βουλόμενος</em></strong></span> <span class='ocrx_word' id='word_1_5' title='bbox 1319 315 1433 383; x_wconf 79' lang='grc' dir='ltr'><strong><em>καὶ</em></strong></span> <span class='ocrx_word' id='word_1_6' title='bbox 1498 311 1665 383; x_wconf 76' lang='grc' dir='ltr'><strong><em>κατὰ</em></strong></span> <span class='ocrx_word' id='word_1_7' title='bbox 1727 320 2118 404; x_wconf 74' lang='grc' dir='ltr'><strong><em>Βρεττανῶν</em></strong></span> <span class='ocrx_word' id='word_1_8' title='bbox 2178 318 2426 403; x_wconf 80' lang='grc' dir='ltr'><strong><em>ἐγεῖραι</em></strong></span> 
     </span>
     <span class='ocr_line' id='line_1_3' title="bbox 524 413 2427 507; baseline 0 -20"><span class='ocrx_word' id='word_1_9' title='bbox 524 418 840 505; x_wconf 89' lang='grc' dir='ltr'><strong><em>τρόπαια,</em></strong></span> <span class='ocrx_word' id='word_1_10' title='bbox 869 426 965 487; x_wconf 81' lang='grc' dir='ltr'><strong><em>ἔτι</em></strong></span> <span class='ocrx_word' id='word_1_11' title='bbox 993 416 1204 486; x_wconf 75' lang='grc' dir='ltr'><strong><em>δὲκαὶ</em></strong></span> <span class='ocrx_word' id='word_1_12' title='bbox 1231 416 1386 497; x_wconf 82' lang='grc' dir='ltr'><strong><em>τοῦς</em></strong></span> <span class='ocrx_word' id='word_1_13' title='bbox 1414 414 1606 497; x_wconf 79' lang='grc' dir='ltr'><strong><em>υἱοὺς</em></strong></span> <span class='ocrx_word' id='word_1_14' title='bbox 1632 413 2001 505; x_wconf 74' lang='grc' dir='ltr'><em>ἀπαγαγεῖν</em></span> <span class='ocrx_word' id='word_1_15' title='bbox 2036 424 2151 506; x_wconf 81' lang='grc' dir='ltr'><strong><em>τῆς</em></strong></span> <span class='ocrx_word' id='word_1_16' title='bbox 2186 413 2427 507; x_wconf 89' lang='grc' dir='ltr'><strong><em>Ῥώμης</em></strong></span> 
     </span>
     <span class='ocr_line' id='line_1_4' title="bbox 525 514 2427 613; baseline -0.001 -22"><span class='ocrx_word' id='word_1_17' title='bbox 525 525 784 608; x_wconf 86' lang='grc' dir='ltr'><strong><em>θέλων,</em></strong></span> <span class='ocrx_word' id='word_1_18' title='bbox 815 517 902 601; x_wconf 87' lang='grc' dir='ltr'><strong><em>ῶς</em></strong></span> <span class='ocrx_word' id='word_1_19' title='bbox 929 514 1014 588; x_wconf 78' lang='grc' dir='ltr'><strong><em>ἀν</em></strong></span> <span class='ocrx_word' id='word_1_20' title='bbox 1041 520 1335 603; x_wconf 82' lang='grc' dir='ltr'><strong><em>νεάζοιεν</em></strong></span> <span class='ocrx_word' id='word_1_21' title='bbox 1374 521 1448 587; x_wconf 80' lang='grc' dir='ltr'><strong><em>ἐν</em></strong></span> <span class='ocrx_word' id='word_1_22' title='bbox 1487 528 1933 612; x_wconf 74' lang='grc' dir='ltr'><strong><em>στρατιωτικῷ</em></strong></span> <span class='ocrx_word' id='word_1_23' title='bbox 1972 528 2098 613; x_wconf 78' lang='grc' dir='ltr'><strong><em>βίςο</em></strong></span> <span class='ocrx_word' id='word_1_24' title='bbox 2139 523 2255 589; x_wconf 81' lang='grc' dir='ltr'><strong><em>καὶ</em></strong></span> <span class='ocrx_word' id='word_1_25' title='bbox 2297 521 2427 589; x_wconf 79' lang='grc' dir='ltr'><strong><em>σώ-</em></strong></span> 
     </span>
     <span class='ocr_line' id='line_1_5' title="bbox 525 617 2427 714; baseline -0.001 -20"><span class='ocrx_word' id='word_1_26' title='bbox 525 652 732 714; x_wconf 91' lang='grc' dir='ltr'><strong><em>φρονι</em></strong></span> <span class='ocrx_word' id='word_1_27' title='bbox 769 620 1177 710; x_wconf 77' lang='grc' dir='ltr'><strong><em>ἀπαχθέντες</em></strong></span> <span class='ocrx_word' id='word_1_28' title='bbox 1206 628 1323 709; x_wconf 81' lang='grc' dir='ltr'><strong><em>τῆς</em></strong></span> <span class='ocrx_word' id='word_1_29' title='bbox 1359 625 1433 697; x_wconf 77' lang='grc' dir='ltr'><strong><em>ἐν,</em></strong></span> <span class='ocrx_word' id='word_1_30' title='bbox 1469 617 1675 713; x_wconf 86' lang='grc' dir='ltr'><strong><em>Ῥώμῃ</em></strong></span> <span class='ocrx_word' id='word_1_31' title='bbox 1712 630 1971 712; x_wconf 78' lang='grc' dir='ltr'><strong><em>τρυφῆς</em></strong></span> <span class='ocrx_word' id='word_1_32' title='bbox 1997 625 2109 694; x_wconf 79' lang='grc' dir='ltr'><strong><em>καὶ</em></strong></span> <span class='ocrx_word' id='word_1_33' title='bbox 2150 628 2427 713; x_wconf 81' lang='grc' dir='ltr'><strong><em>διαίτης,</em></strong></span> 
     </span>
     <span class='ocr_line' id='line_1_6' title="bbox 419 722 2470 819; baseline -0 -21"><span class='ocrx_word' id='word_1_34' title='bbox 419 742 549 819; x_wconf 53' lang='lat'><strong><em>⁸323?</em></strong></span> <span class='ocrx_word' id='word_1_35' title='bbox 561 728 949 815; x_wconf 75' lang='grc' dir='ltr'><strong><em>ἐπαγγέλλει</em></strong></span> <span class='ocrx_word' id='word_1_36' title='bbox 973 724 1096 814; x_wconf 82' lang='grc' dir='ltr'><strong><em>τὴν</em></strong></span> <span class='ocrx_word' id='word_1_37' title='bbox 1123 729 1188 805; x_wconf 78' lang='grc' dir='ltr'><strong><em>ἐς</em></strong></span> <span class='ocrx_word' id='word_1_38' title='bbox 1216 722 1337 813; x_wconf 86' lang='grc' dir='ltr'><strong><em>τὴν</em></strong></span> <span class='ocrx_word' id='word_1_39' title='bbox 1349 733 1757 814; x_wconf 80' lang='grc' dir='ltr'><strong><em>Βρεττανίαν</em></strong></span> <span class='ocrx_word' id='word_1_40' title='bbox 1780 730 2028 814; x_wconf 79' lang='grc' dir='ltr'><strong><em>ἔξοδον,</em></strong></span> <span class='ocrx_word' id='word_1_41' title='bbox 2056 727 2430 816; x_wconf 86' lang='grc' dir='ltr'><strong><em>πρεσβύτης</em></strong></span> <span class='ocrx_word' id='word_1_42' title='bbox 2454 759 2470 797; x_wconf 78' lang='lat'>5</span> 
     </span>
     <span class='ocr_line' id='line_1_7' title="bbox 523 824 2427 919; baseline -0.001 -18"><span class='ocrx_word' id='word_1_43' title='bbox 523 858 593 901; x_wconf 93' lang='grc' dir='ltr'><strong><em>τε</em></strong></span> <span class='ocrx_word' id='word_1_44' title='bbox 632 826 760 917; x_wconf 78' lang='grc' dir='ltr'><strong><em>ἤδη</em></strong></span> <span class='ocrx_word' id='word_1_45' title='bbox 805 824 902 898; x_wconf 88' lang='grc' dir='ltr'><strong><em>ῶν</em></strong></span> <span class='ocrx_word' id='word_1_46' title='bbox 941 830 1054 899; x_wconf 86' lang='grc' dir='ltr'><strong><em>καὶ</em></strong></span> <span class='ocrx_word' id='word_1_47' title='bbox 1091 824 1224 898; x_wconf 83' lang='grc' dir='ltr'><strong><em>ῦπό</em></strong></span> <span class='ocrx_word' id='word_1_48' title='bbox 1268 834 1384 916; x_wconf 83' lang='grc' dir='ltr'><strong><em>τῆς</em></strong></span> <span class='ocrx_word' id='word_1_49' title='bbox 1436 824 1825 919; x_wconf 87' lang='grc' dir='ltr'><strong><em>ἀρθρίτιδος</em></strong></span> <span class='ocrx_word' id='word_1_50' title='bbox 1875 827 2083 899; x_wconf 87' lang='grc' dir='ltr'><strong><em>νόσου</em></strong></span> <span class='ocrx_word' id='word_1_51' title='bbox 2120 829 2427 917; x_wconf 80' lang='grc' dir='ltr'><strong><em>κάμνων·</em></strong></span> 
     </span>
     <span class='ocr_line' id='line_1_8' title="bbox 523 927 2427 1021; baseline -0.001 -19"><span class='ocrx_word' id='word_1_52' title='bbox 523 930 694 1002; x_wconf 78' lang='grc' dir='ltr'><strong><em>ἀλλὰ</em></strong></span> <span class='ocrx_word' id='word_1_53' title='bbox 718 930 798 1000; x_wconf 82' lang='grc' dir='ltr'><strong><em>τά</em></strong></span> <span class='ocrx_word' id='word_1_54' title='bbox 823 939 938 1020; x_wconf 87' lang='grc' dir='ltr'><strong><em>τῆς</em></strong></span> <span class='ocrx_word' id='word_1_55' title='bbox 963 937 1178 1021; x_wconf 82' lang='grc' dir='ltr'><strong><em>ψυχῆς</em></strong></span> <span class='ocrx_word' id='word_1_56' title='bbox 1205 927 1418 1001; x_wconf 82' lang='grc' dir='ltr'><strong><em>αὐτοῦ</em></strong></span> <span class='ocrx_word' id='word_1_57' title='bbox 1439 938 1687 1020; x_wconf 82' lang='grc' dir='ltr'><strong><em>ἔρρωτο</em></strong></span> <span class='ocrx_word' id='word_1_58' title='bbox 1706 929 1877 1020; x_wconf 75' lang='grc' dir='ltr'><strong><em>ὑπὲρ</em></strong></span> <span class='ocrx_word' id='word_1_59' title='bbox 1897 931 2109 1003; x_wconf 91' lang='grc' dir='ltr'><strong><em>πάντα</em></strong></span> <span class='ocrx_word' id='word_1_60' title='bbox 2128 940 2427 1001; x_wconf 87' lang='grc' dir='ltr'><strong><em>νεανίαν.</em></strong></span> 
     </span>
     <span class='ocr_line' id='line_1_9' title="bbox 465 1032 2429 1125; baseline -0.003 -16"><span class='ocrx_word' id='word_1_61' title='bbox 465 1058 501 1110; x_wconf 85' lang='grc'><strong>3</strong></span> <span class='ocrx_word' id='word_1_62' title='bbox 526 1032 606 1105; x_wconf 81' lang='grc' dir='ltr'><strong><em>τὰ</em></strong></span> <span class='ocrx_word' id='word_1_63' title='bbox 645 1044 918 1105; x_wconf 78' lang='grc' dir='ltr'><strong><em>πλεῖστα</em></strong></span> <span class='ocrx_word' id='word_1_64' title='bbox 955 1042 1124 1125; x_wconf 90' lang='grc' dir='ltr'><strong><em>γοῦν</em></strong></span> <span class='ocrx_word' id='word_1_65' title='bbox 1169 1036 1283 1103; x_wconf 81' lang='grc' dir='ltr'><strong><em>καὶ</em></strong></span> <span class='ocrx_word' id='word_1_66' title='bbox 1328 1034 1635 1123; x_wconf 77' lang='grc' dir='ltr'><strong><em>φοράδην</em></strong></span> <span class='ocrx_word' id='word_1_67' title='bbox 1676 1035 2043 1124; x_wconf 87' lang='grc' dir='ltr'><strong><em>φερόμενος</em></strong></span> <span class='ocrx_word' id='word_1_68' title='bbox 2086 1042 2199 1124; x_wconf 81' lang='grc' dir='ltr'><strong><em>τῆς</em></strong></span> <span class='ocrx_word' id='word_1_69' title='bbox 2242 1032 2429 1107; x_wconf 83' lang='grc' dir='ltr'><strong><em>ὁδοι-</em></strong></span> 
     </span>
     <span class='ocr_line' id='line_1_10' title="bbox 527 1133 2429 1227; baseline -0.001 -18"><span class='ocrx_word' id='word_1_70' title='bbox 527 1145 760 1225; x_wconf 86' lang='grc' dir='ltr'><strong><em>πορίας</em></strong></span> <span class='ocrx_word' id='word_1_71' title='bbox 791 1148 1028 1226; x_wconf 75' lang='grc' dir='ltr'><strong><em>εἴχετο,</em></strong></span> <span class='ocrx_word' id='word_1_72' title='bbox 1061 1133 1224 1207; x_wconf 76' lang='grc' dir='ltr'><strong><em>οὐδὲ</em></strong></span> <span class='ocrx_word' id='word_1_73' title='bbox 1251 1136 1517 1209; x_wconf 88' lang='grc' dir='ltr'><strong><em>πώποτε</em></strong></span> <span class='ocrx_word' id='word_1_74' title='bbox 1547 1140 1657 1207; x_wconf 81' lang='grc' dir='ltr'><strong><em>ἐπὶ</em></strong></span> <span class='ocrx_word' id='word_1_75' title='bbox 1680 1135 1853 1209; x_wconf 77' lang='grc' dir='ltr'><strong><em>πολὺ</em></strong></span> <span class='ocrx_word' id='word_1_76' title='bbox 1881 1141 2102 1227; x_wconf 88' lang='grc' dir='ltr'><strong><em>μένων</em></strong></span> <span class='ocrx_word' id='word_1_77' title='bbox 2128 1136 2429 1209; x_wconf 85' lang='grc' dir='ltr'><strong><em>ἀνεπαύ-</em></strong></span> 
     </span>
     <span class='ocr_line' id='line_1_11' title="bbox 529 1234 2475 1330; baseline -0.003 -18"><span class='ocrx_word' id='word_1_78' title='bbox 529 1268 656 1312; x_wconf 89' lang='grc' dir='ltr'><strong><em>ετο.</em></strong></span> <span class='ocrx_word' id='word_1_79' title='bbox 695 1238 945 1322; x_wconf 79' lang='grc' dir='ltr'><strong><em>ἀνύσας</em></strong></span> <span class='ocrx_word' id='word_1_80' title='bbox 971 1240 1048 1309; x_wconf 72' lang='grc' dir='ltr'><strong><em>δὲ</em></strong></span> <span class='ocrx_word' id='word_1_81' title='bbox 1074 1238 1196 1329; x_wconf 82' lang='grc' dir='ltr'><strong><em>τὴν</em></strong></span> <span class='ocrx_word' id='word_1_82' title='bbox 1224 1235 1387 1309; x_wconf 83' lang='grc' dir='ltr'><strong><em>ὁδὸν</em></strong></span> <span class='ocrx_word' id='word_1_83' title='bbox 1414 1236 1548 1329; x_wconf 78' lang='grc' dir='ltr'><strong><em>ἅμα</em></strong></span> <span class='ocrx_word' id='word_1_84' title='bbox 1575 1257 1712 1322; x_wconf 80' lang='grc' dir='ltr'><strong><em>τοῖς</em></strong></span> <span class='ocrx_word' id='word_1_85' title='bbox 1737 1244 1924 1311; x_wconf 81' lang='grc' dir='ltr'><strong><em>παισὶ</em></strong></span> <span class='ocrx_word' id='word_1_86' title='bbox 1950 1234 2193 1323; x_wconf 74' lang='grc' dir='ltr'><strong><em>παντὸς</em></strong></span> <span class='ocrx_word' id='word_1_87' title='bbox 2218 1242 2425 1330; x_wconf 87' lang='grc' dir='ltr'><strong><em>λόγου</em></strong></span> <span class='ocrx_word' id='word_1_88' title='bbox 2454 1271 2475 1307; x_wconf 68' lang='grc' dir='ltr'><strong><em>ιι</em></strong></span> 
     </span>
     <span class='ocr_line' id='line_1_12' title="bbox 525 1340 2429 1431; baseline 0.001 -17"><span class='ocrx_word' id='word_1_89' title='bbox 525 1346 638 1414; x_wconf 82' lang='grc' dir='ltr'><strong><em>καὶ</em></strong></span> <span class='ocrx_word' id='word_1_90' title='bbox 665 1346 930 1425; x_wconf 79' lang='grc' dir='ltr'><strong><em>ἐλπίδος</em></strong></span> <span class='ocrx_word' id='word_1_91' title='bbox 956 1349 1225 1428; x_wconf 83' lang='grc' dir='ltr'><strong><em>θᾶττον,</em></strong></span> <span class='ocrx_word' id='word_1_92' title='bbox 1243 1341 1362 1413; x_wconf 86' lang='grc' dir='ltr'><strong><em>τὸν</em></strong></span> <span class='ocrx_word' id='word_1_93' title='bbox 1388 1340 1688 1413; x_wconf 79' lang='grc' dir='ltr'><strong><em>ὠκεανὸν</em></strong></span> <span class='ocrx_word' id='word_1_94' title='bbox 1722 1344 2124 1425; x_wconf 80' lang='grc' dir='ltr'><strong><em>διαπλεύσας</em></strong></span> <span class='ocrx_word' id='word_1_95' title='bbox 2140 1354 2429 1431; x_wconf 88' lang='grc' dir='ltr'><strong><em>Βρεττα-</em></strong></span> 
     </span>
     <span class='ocr_line' id='line_1_13' title="bbox 526 1444 2426 1538; baseline 0.001 -22"><span class='ocrx_word' id='word_1_96' title='bbox 526 1462 668 1528; x_wconf 76' lang='grc' dir='ltr'><strong><em>νοῖς</em></strong></span> <span class='ocrx_word' id='word_1_97' title='bbox 695 1449 963 1535; x_wconf 82' lang='grc' dir='ltr'><strong><em>ἐπέστη,</em></strong></span> <span class='ocrx_word' id='word_1_98' title='bbox 1003 1445 1161 1528; x_wconf 91' lang='grc' dir='ltr'><strong><em>τούς</em></strong></span> <span class='ocrx_word' id='word_1_99' title='bbox 1202 1472 1275 1514; x_wconf 90' lang='grc' dir='ltr'><strong><em>τε</em></strong></span> <span class='ocrx_word' id='word_1_100' title='bbox 1316 1446 1740 1535; x_wconf 79' lang='grc' dir='ltr'><strong><em>πανταχόθεν</em></strong></span> <span class='ocrx_word' id='word_1_101' title='bbox 1766 1447 2161 1538; x_wconf 74' lang='grc' dir='ltr'><strong><em>στρατιώτας</em></strong></span> <span class='ocrx_word' id='word_1_102' title='bbox 2188 1444 2426 1535; x_wconf 85' lang='grc' dir='ltr'><strong><em>ἀθροί-</em></strong></span> 
     </span>
     <span class='ocr_line' id='line_1_14' title="bbox 527 1542 2427 1640; baseline 0.001 -21"><span class='ocrx_word' id='word_1_103' title='bbox 527 1572 648 1631; x_wconf 86' lang='grc' dir='ltr'><strong><em>σας</em></strong></span> <span class='ocrx_word' id='word_1_104' title='bbox 673 1552 786 1620; x_wconf 85' lang='grc' dir='ltr'><strong><em>καὶ</em></strong></span> <span class='ocrx_word' id='word_1_105' title='bbox 813 1546 1104 1639; x_wconf 88' lang='grc' dir='ltr'><strong><em>δύναμιν</em></strong></span> <span class='ocrx_word' id='word_1_106' title='bbox 1122 1547 1377 1639; x_wconf 80' lang='grc' dir='ltr'><strong><em>πολλὴν</em></strong></span> <span class='ocrx_word' id='word_1_107' title='bbox 1403 1546 1674 1640; x_wconf 87' lang='grc' dir='ltr'><strong><em>ἀγείρας</em></strong></span> <span class='ocrx_word' id='word_1_108' title='bbox 1698 1549 1779 1621; x_wconf 80' lang='grc' dir='ltr'><strong><em>τὰ</em></strong></span> <span class='ocrx_word' id='word_1_109' title='bbox 1804 1548 1971 1640; x_wconf 83' lang='grc' dir='ltr'><strong><em>πρὸς</em></strong></span> <span class='ocrx_word' id='word_1_110' title='bbox 1997 1542 2114 1622; x_wconf 71' lang='grc' dir='ltr'><strong><em>τὸν</em></strong></span> <span class='ocrx_word' id='word_1_111' title='bbox 2139 1550 2427 1639; x_wconf 89' lang='grc' dir='ltr'><strong><em>πόλεμον</em></strong></span> 
     </span>
     <span class='ocr_line' id='line_1_15' title="bbox 525 1653 1066 1742; baseline -0.002 -20"><span class='ocrx_word' id='word_1_112' title='bbox 525 1653 1066 1742; x_wconf 82' lang='grc' dir='ltr'><strong><em>παρεσκευάζετο.</em></strong></span> 
     </span>
     <span class='ocr_line' id='line_1_16' title="bbox 463 1756 2475 1849; baseline 0 -24"><span class='ocrx_word' id='word_1_113' title='bbox 463 1773 500 1825; x_wconf 83' lang='grc'>4</span> <span class='ocrx_word' id='word_1_114' title='bbox 731 1761 802 1825; x_wconf 74' lang='grc' dir='ltr'><strong><em>οἰ</em></strong></span> <span class='ocrx_word' id='word_1_115' title='bbox 843 1756 918 1827; x_wconf 72' lang='grc' dir='ltr'><strong><em>δὲ</em></strong></span> <span class='ocrx_word' id='word_1_116' title='bbox 954 1760 1314 1846; x_wconf 83' lang='grc' dir='ltr'><strong><em>Βρεττανοὶ</em></strong></span> <span class='ocrx_word' id='word_1_117' title='bbox 1355 1764 1432 1849; x_wconf 79' lang='grc' dir='ltr'><strong><em>τῇ</em></strong></span> <span class='ocrx_word' id='word_1_118' title='bbox 1472 1763 1593 1827; x_wconf 86' lang='grc' dir='ltr'><strong><em>τοῦ</em></strong></span> <span class='ocrx_word' id='word_1_119' title='bbox 1634 1758 1953 1844; x_wconf 87' lang='grc' dir='ltr'><strong><em>βασιλέως</em></strong></span> <span class='ocrx_word' id='word_1_120' title='bbox 1996 1758 2426 1843; x_wconf 75' lang='grc' dir='ltr'><strong><em>ἐκπλαγέντες</em></strong></span> <span class='ocrx_word' id='word_1_121' title='bbox 2446 1790 2475 1829; x_wconf 74' lang='lat' dir='ltr'><strong><em>·l÷</em></strong></span> 
     </span>
     <span class='ocr_line' id='line_1_17' title="bbox 523 1856 2429 1953; baseline 0.001 -25"><span class='ocrx_word' id='word_1_122' title='bbox 523 1864 842 1952; x_wconf 73' lang='grc' dir='ltr'><strong><em>αἰφνιδίῳ</em></strong></span> <span class='ocrx_word' id='word_1_123' title='bbox 872 1863 1218 1953; x_wconf 78' lang='grc' dir='ltr'><strong><em>ἐπιδημίᾳ,</em></strong></span> <span class='ocrx_word' id='word_1_124' title='bbox 1249 1859 1537 1951; x_wconf 84' lang='grc' dir='ltr'><strong><em>δύναμίν</em></strong></span> <span class='ocrx_word' id='word_1_125' title='bbox 1564 1887 1634 1930; x_wconf 89' lang='grc' dir='ltr'><strong><em>τε</em></strong></span> <span class='ocrx_word' id='word_1_126' title='bbox 1673 1856 2075 1940; x_wconf 86' lang='grc' dir='ltr'><strong><em>ἀκούσαντες</em></strong></span> <span class='ocrx_word' id='word_1_127' title='bbox 2104 1865 2429 1947; x_wconf 81' lang='grc' dir='ltr'><strong><em>παμπλεί-</em></strong></span> 
     </span>
     <span class='ocr_line' id='line_1_18' title="bbox 481 1959 2429 2051; baseline -0.001 -18"><span class='ocrx_word' id='word_1_128' title='bbox 481 1982 486 1985; x_wconf 84' lang='grc'><em>“</em></span> <span class='ocrx_word' id='word_1_129' title='bbox 523 1985 687 2051; x_wconf 86' lang='grc' dir='ltr'><strong><em>στην</em></strong></span> <span class='ocrx_word' id='word_1_130' title='bbox 727 1960 831 2033; x_wconf 83' lang='grc' dir='ltr'><strong><em>ἐπ’</em></strong></span> <span class='ocrx_word' id='word_1_131' title='bbox 879 1959 1128 2044; x_wconf 77' lang='grc' dir='ltr'><strong><em>αὐτοὺς</em></strong></span> <span class='ocrx_word' id='word_1_132' title='bbox 1181 1960 1702 2050; x_wconf 77' lang='grc' dir='ltr'><strong><em>ἀθροισθεῖσαν,</em></strong></span> <span class='ocrx_word' id='word_1_133' title='bbox 1748 1970 2102 2051; x_wconf 85' lang='grc' dir='ltr'><strong><em>πρεσβείας</em></strong></span> <span class='ocrx_word' id='word_1_134' title='bbox 2140 1969 2429 2051; x_wconf 80' lang='grc' dir='ltr'><strong><em>ἔπεμπον</em></strong></span> 
     </span>
     <span class='ocr_line' id='line_1_19' title="bbox 525 2063 2428 2156; baseline 0 -21"><span class='ocrx_word' id='word_1_135' title='bbox 525 2072 686 2153; x_wconf 86' lang='grc' dir='ltr'><strong><em>περί</em></strong></span> <span class='ocrx_word' id='word_1_136' title='bbox 715 2093 786 2135; x_wconf 89' lang='grc' dir='ltr'><strong><em>τε</em></strong></span> <span class='ocrx_word' id='word_1_137' title='bbox 826 2066 1092 2154; x_wconf 82' lang='grc' dir='ltr'><strong><em>εἰρήνης</em></strong></span> <span class='ocrx_word' id='word_1_138' title='bbox 1137 2067 1549 2156; x_wconf 86' lang='grc' dir='ltr'><strong><em>διελέγοντο,</em></strong></span> <span class='ocrx_word' id='word_1_139' title='bbox 1592 2063 2079 2153; x_wconf 73' lang='grc' dir='ltr'><strong><em>ἀπολογεῖσθαί</em></strong></span> <span class='ocrx_word' id='word_1_140' title='bbox 2122 2092 2191 2135; x_wconf 86' lang='grc' dir='ltr'><strong><em>τε</em></strong></span> <span class='ocrx_word' id='word_1_141' title='bbox 2232 2067 2428 2154; x_wconf 85' lang='grc' dir='ltr'><strong><em>ἐβού-</em></strong></span> 
     </span>
     <span class='ocr_line' id='line_1_20' title="bbox 462 2164 2429 2260; baseline 0 -23"><span class='ocrx_word' id='word_1_142' title='bbox 462 2188 496 2238; x_wconf 84' lang='grc'>5</span> <span class='ocrx_word' id='word_1_143' title='bbox 527 2177 724 2237; x_wconf 90' lang='grc' dir='ltr'><strong><em>λοντο</em></strong></span> <span class='ocrx_word' id='word_1_144' title='bbox 765 2166 933 2256; x_wconf 89' lang='grc' dir='ltr'><strong><em>πρὸς</em></strong></span> <span class='ocrx_word' id='word_1_145' title='bbox 973 2166 1054 2243; x_wconf 75' lang='grc' dir='ltr'><strong><em>τὰ</em></strong></span> <span class='ocrx_word' id='word_1_146' title='bbox 1079 2172 1654 2260; x_wconf 83' lang='grc' dir='ltr'><strong><em>προημαρτημένα.</em></strong></span> <span class='ocrx_word' id='word_1_147' title='bbox 1758 2164 1795 2238; x_wconf 80' lang='grc' dir='ltr'><em>ὃ</em></span> <span class='ocrx_word' id='word_1_148' title='bbox 1837 2169 1912 2239; x_wconf 75' lang='grc' dir='ltr'><strong><em>δὲ</em></strong></span> <span class='ocrx_word' id='word_1_149' title='bbox 1938 2176 2241 2256; x_wconf 72' lang='grc' dir='ltr'><strong><em>Σεθῆρος</em></strong></span> <span class='ocrx_word' id='word_1_150' title='bbox 2282 2175 2429 2237; x_wconf 89' lang='grc' dir='ltr'><strong><em>δια-</em></strong></span> 
     </span>
     <span class='ocr_line' id='line_1_21' title="bbox 524 2266 2473 2360; baseline 0.001 -22"><span class='ocrx_word' id='word_1_151' title='bbox 524 2269 752 2357; x_wconf 88' lang='grc' dir='ltr'><strong><em>τριβάς</em></strong></span> <span class='ocrx_word' id='word_1_152' title='bbox 779 2297 849 2339; x_wconf 90' lang='grc' dir='ltr'><strong><em>τε</em></strong></span> <span class='ocrx_word' id='word_1_153' title='bbox 875 2270 1124 2359; x_wconf 90' lang='grc' dir='ltr'><strong><em>χρόνου</em></strong></span> <span class='ocrx_word' id='word_1_154' title='bbox 1151 2279 1393 2360; x_wconf 81' lang='grc' dir='ltr'><strong><em>ζητῶν,</em></strong></span> <span class='ocrx_word' id='word_1_155' title='bbox 1426 2270 1514 2353; x_wconf 79' lang='grc' dir='ltr'><strong><em>ῶς</em></strong></span> <span class='ocrx_word' id='word_1_156' title='bbox 1540 2266 1625 2341; x_wconf 75' lang='grc' dir='ltr'><strong><em>ἀν</em></strong></span> <span class='ocrx_word' id='word_1_157' title='bbox 1651 2270 1740 2360; x_wconf 87' lang='grc' dir='ltr'><strong><em>μὴ</em></strong></span> <span class='ocrx_word' id='word_1_158' title='bbox 1770 2271 1971 2341; x_wconf 87' lang='grc' dir='ltr'><strong><em>πάλιν</em></strong></span> <span class='ocrx_word' id='word_1_159' title='bbox 2011 2274 2077 2352; x_wconf 85' lang='grc' dir='ltr'><strong><em>ές</em></strong></span> <span class='ocrx_word' id='word_1_160' title='bbox 2114 2268 2238 2359; x_wconf 83' lang='grc' dir='ltr'><strong><em>τὴν</em></strong></span> <span class='ocrx_word' id='word_1_161' title='bbox 2273 2268 2425 2340; x_wconf 86' lang='grc' dir='ltr'><strong><em>Ῥώ-</em></strong></span> <span class='ocrx_word' id='word_1_162' title='bbox 2456 2296 2473 2333; x_wconf 81' lang='lat'><strong><em>·.’</em></strong></span> 
     </span>
     <span class='ocr_line' id='line_1_22' title="bbox 523 2374 2429 2464; baseline 0.001 -23"><span class='ocrx_word' id='word_1_163' title='bbox 523 2400 656 2461; x_wconf 87' lang='grc' dir='ltr'><strong><em>μην</em></strong></span> <span class='ocrx_word' id='word_1_164' title='bbox 685 2375 1013 2462; x_wconf 81' lang='grc' dir='ltr'><strong><em>ἐπείγοιτο</em></strong></span> <span class='ocrx_word' id='word_1_165' title='bbox 1031 2424 1050 2460; x_wconf 96' lang='grc'><strong><em>,</em></strong></span> <span class='ocrx_word' id='word_1_166' title='bbox 1081 2378 1176 2443; x_wconf 80' lang='grc' dir='ltr'><strong><em>ἔτι</em></strong></span> <span class='ocrx_word' id='word_1_167' title='bbox 1202 2374 1279 2443; x_wconf 73' lang='grc' dir='ltr'><strong><em>δὲ</em></strong></span> <span class='ocrx_word' id='word_1_168' title='bbox 1304 2378 1417 2445; x_wconf 81' lang='grc' dir='ltr'><strong><em>καὶ</em></strong></span> <span class='ocrx_word' id='word_1_169' title='bbox 1442 2374 1849 2464; x_wconf 83' lang='grc' dir='ltr'><strong><em>βουλόμενος</em></strong></span> <span class='ocrx_word' id='word_1_170' title='bbox 1888 2375 2429 2463; x_wconf 78' lang='grc' dir='ltr'><strong><em>προσκτήσασθαι</em></strong></span> 
     </span>
     <span class='ocr_line' id='line_1_23' title="bbox 523 2471 2431 2568; baseline 0.002 -25"><span class='ocrx_word' id='word_1_171' title='bbox 523 2474 646 2563; x_wconf 78' lang='grc' dir='ltr'><strong><em>τὴν</em></strong></span> <span class='ocrx_word' id='word_1_172' title='bbox 673 2473 839 2543; x_wconf 80' lang='grc' dir='ltr'><strong><em>κατὰ</em></strong></span> <span class='ocrx_word' id='word_1_173' title='bbox 862 2482 1254 2565; x_wconf 75' lang='grc' dir='ltr'><strong><em>Βρεττανῶν</em></strong></span> <span class='ocrx_word' id='word_1_174' title='bbox 1292 2484 1490 2568; x_wconf 86' lang='grc' dir='ltr'><strong><em>νίκην</em></strong></span> <span class='ocrx_word' id='word_1_175' title='bbox 1518 2505 1588 2547; x_wconf 92' lang='grc' dir='ltr'><strong><em>τε</em></strong></span> <span class='ocrx_word' id='word_1_176' title='bbox 1612 2480 1723 2547; x_wconf 81' lang='grc' dir='ltr'><strong><em>καὶ</em></strong></span> <span class='ocrx_word' id='word_1_177' title='bbox 1755 2486 2234 2567; x_wconf 75' lang='grc' dir='ltr'><strong><em>προσηγορίαν,</em></strong></span> <span class='ocrx_word' id='word_1_178' title='bbox 2282 2471 2431 2558; x_wconf 83' lang='grc' dir='ltr'><strong><em>τοῦς</em></strong></span> 
     </span>
     <span class='ocr_line' id='line_1_24' title="bbox 523 2574 2429 2671; baseline 0.001 -24"><span class='ocrx_word' id='word_1_179' title='bbox 523 2577 646 2667; x_wconf 73' lang='grc' dir='ltr'><strong><em>μὲν</em></strong></span> <span class='ocrx_word' id='word_1_180' title='bbox 673 2579 982 2667; x_wconf 86' lang='grc' dir='ltr'><strong><em>πρέσβεις</em></strong></span> <span class='ocrx_word' id='word_1_181' title='bbox 1008 2574 1233 2650; x_wconf 77' lang='grc' dir='ltr'><strong><em>αὐτῶν</em></strong></span> <span class='ocrx_word' id='word_1_182' title='bbox 1258 2577 1636 2671; x_wconf 77' lang='grc' dir='ltr'><strong><em>ἀπράκτους</em></strong></span> <span class='ocrx_word' id='word_1_183' title='bbox 1661 2577 2066 2670; x_wconf 78' lang='grc' dir='ltr'><strong><em>ἀπέπεμψεν,</em></strong></span> <span class='ocrx_word' id='word_1_184' title='bbox 2098 2577 2429 2670; x_wconf 80' lang='grc' dir='ltr'><strong><em>εὐτρέπιζε</em></strong></span> 
     </span>
     <span class='ocr_line' id='line_1_25' title="bbox 525 2679 2427 2774; baseline 0 -23"><span class='ocrx_word' id='word_1_185' title='bbox 525 2681 603 2752; x_wconf 72' lang='grc' dir='ltr'><strong><em>δὲ</em></strong></span> <span class='ocrx_word' id='word_1_186' title='bbox 628 2680 709 2750; x_wconf 78' lang='grc' dir='ltr'><strong><em>τὰ</em></strong></span> <span class='ocrx_word' id='word_1_187' title='bbox 734 2680 900 2770; x_wconf 88' lang='grc' dir='ltr'><strong><em>πρὸς</em></strong></span> <span class='ocrx_word' id='word_1_188' title='bbox 926 2679 1048 2770; x_wconf 77' lang='grc' dir='ltr'><strong><em>τὴν</em></strong></span> <span class='ocrx_word' id='word_1_189' title='bbox 1073 2682 1308 2772; x_wconf 88' lang='grc' dir='ltr'><strong><em>μάχην.</em></strong></span> <span class='ocrx_word' id='word_1_190' title='bbox 1360 2685 1639 2774; x_wconf 84' lang='grc' dir='ltr'><strong><em>μάλιστα</em></strong></span> <span class='ocrx_word' id='word_1_191' title='bbox 1664 2684 1741 2753; x_wconf 75' lang='grc' dir='ltr'><strong><em>δὲ</em></strong></span> <span class='ocrx_word' id='word_1_192' title='bbox 1772 2684 2099 2773; x_wconf 83' lang='grc' dir='ltr'><strong><em>γεφύραις</em></strong></span> <span class='ocrx_word' id='word_1_193' title='bbox 2128 2688 2427 2771; x_wconf 82' lang='grc' dir='ltr'><strong><em>ἐπειρᾶτο</em></strong></span> 
     </span>
     <span class='ocr_line' id='line_1_26' title="bbox 526 2780 2475 2877; baseline 0.002 -24"><span class='ocrx_word' id='word_1_194' title='bbox 526 2784 1005 2873; x_wconf 87' lang='grc' dir='ltr'><strong><em>διαλαμβάνειν</em></strong></span> <span class='ocrx_word' id='word_1_195' title='bbox 1032 2780 1126 2855; x_wconf 78' lang='grc' dir='ltr'><strong><em>’τὰ</em></strong></span> <span class='ocrx_word' id='word_1_196' title='bbox 1155 2788 1370 2877; x_wconf 80' lang='grc' dir='ltr'><strong><em>ἑλώδη</em></strong></span> <span class='ocrx_word' id='word_1_197' title='bbox 1408 2795 1652 2877; x_wconf 89' lang='grc' dir='ltr'><strong><em>χωρία,</em></strong></span> <span class='ocrx_word' id='word_1_198' title='bbox 1692 2783 1781 2868; x_wconf 84' lang='grc' dir='ltr'><strong><em>ῶς</em></strong></span> <span class='ocrx_word' id='word_1_199' title='bbox 1819 2783 1905 2857; x_wconf 77' lang='grc' dir='ltr'><strong><em>ἀν</em></strong></span> <span class='ocrx_word' id='word_1_200' title='bbox 1938 2784 2041 2856; x_wconf 84' lang='grc' dir='ltr'><strong><em>ἐπ’</em></strong></span> <span class='ocrx_word' id='word_1_201' title='bbox 2086 2784 2427 2874; x_wconf 87' lang='grc' dir='ltr'><strong><em>ἀσφαλοῦς</em></strong></span> <span class='ocrx_word' id='word_1_202' title='bbox 2455 2819 2475 2857; x_wconf 81' lang='lat'><strong><em>·.›</em></strong></span> 
     </span>
     <span class='ocr_line' id='line_1_27' title="bbox 525 2886 2430 2983; baseline 0.001 -26"><span class='ocrx_word' id='word_1_203' title='bbox 525 2896 872 2976; x_wconf 86' lang='grc' dir='ltr'><strong><em>βαίνοντες</em></strong></span> <span class='ocrx_word' id='word_1_204' title='bbox 899 2893 970 2959; x_wconf 75' lang='grc' dir='ltr'><strong><em>οἰ</em></strong></span> <span class='ocrx_word' id='word_1_205' title='bbox 1003 2898 1395 2979; x_wconf 89' lang='grc' dir='ltr'><strong><em>στρατιῶται</em></strong></span> <span class='ocrx_word' id='word_1_206' title='bbox 1423 2895 1669 2983; x_wconf 77' lang='grc' dir='ltr'><strong><em>ῥαδίως</em></strong></span> <span class='ocrx_word' id='word_1_207' title='bbox 1705 2919 1776 2961; x_wconf 87' lang='grc' dir='ltr'><strong><em>τε</em></strong></span> <span class='ocrx_word' id='word_1_208' title='bbox 1814 2886 1984 2960; x_wconf 84' lang='grc' dir='ltr'><strong><em>αῦτα</em></strong></span> <span class='ocrx_word' id='word_1_209' title='bbox 2024 2893 2430 2979; x_wconf 86' lang='grc' dir='ltr'><strong><em>διατρέχοιεν</em></strong></span> 
     </span>
     <span class='ocr_line' id='line_1_28' title="bbox 526 2988 2427 3083; baseline -0.001 -22"><span class='ocrx_word' id='word_1_210' title='bbox 526 2994 640 3062; x_wconf 83' lang='grc' dir='ltr'><strong><em>καὶ</em></strong></span> <span class='ocrx_word' id='word_1_211' title='bbox 691 2988 795 3062; x_wconf 79' lang='grc' dir='ltr'><strong><em>ἐπ’</em></strong></span> <span class='ocrx_word' id='word_1_212' title='bbox 855 2990 1106 3080; x_wconf 83' lang='grc' dir='ltr'><strong><em>ὀχυροῦ</em></strong></span> <span class='ocrx_word' id='word_1_213' title='bbox 1139 2994 1428 3082; x_wconf 83' lang='grc' dir='ltr'><strong><em>βήματος</em></strong></span> <span class='ocrx_word' id='word_1_214' title='bbox 1474 2997 1753 3083; x_wconf 80' lang='grc' dir='ltr'><strong><em>ἑδραίως</em></strong></span> <span class='ocrx_word' id='word_1_215' title='bbox 1788 2996 2061 3074; x_wconf 80' lang='grc' dir='ltr'><strong><em>ἑστῶτες</em></strong></span> <span class='ocrx_word' id='word_1_216' title='bbox 2100 2992 2427 3082; x_wconf 87' lang='grc' dir='ltr'><strong><em>μάχοιντο.</em></strong></span> 
     </span>
     <span class='ocr_line' id='line_1_29' title="bbox 465 3093 2429 3186; baseline 0.002 -25"><span class='ocrx_word' id='word_1_217' title='bbox 465 3108 500 3161; x_wconf 89' lang='grc'><strong>6</strong></span> <span class='ocrx_word' id='word_1_218' title='bbox 527 3093 604 3165; x_wconf 83' lang='grc' dir='ltr'><strong><em>τὰ</em></strong></span> <span class='ocrx_word' id='word_1_219' title='bbox 635 3093 764 3182; x_wconf 81' lang='grc' dir='ltr'><strong><em>γὰρ</em></strong></span> <span class='ocrx_word' id='word_1_220' title='bbox 805 3103 1076 3165; x_wconf 75' lang='grc' dir='ltr'><strong><em>πλεῖστα</em></strong></span> <span class='ocrx_word' id='word_1_221' title='bbox 1115 3103 1230 3183; x_wconf 82' lang='grc' dir='ltr'><strong><em>τῆς</em></strong></span> <span class='ocrx_word' id='word_1_222' title='bbox 1269 3104 1663 3185; x_wconf 89' lang='grc' dir='ltr'><strong><em>Βρεττανῶν</em></strong></span> <span class='ocrx_word' id='word_1_223' title='bbox 1700 3096 1916 3186; x_wconf 87' lang='grc' dir='ltr'><strong><em>χώρας</em></strong></span> <span class='ocrx_word' id='word_1_224' title='bbox 1957 3097 2429 3185; x_wconf 82' lang='grc' dir='ltr'><strong><em>ἐπικλυζόμενα</em></strong></span> 
     </span>
     <span class='ocr_line' id='line_1_30' title="bbox 525 3193 2425 3287; baseline 0.003 -22"><span class='ocrx_word' id='word_1_225' title='bbox 525 3212 668 3277; x_wconf 78' lang='grc' dir='ltr'><strong><em>ταῖς</em></strong></span> <span class='ocrx_word' id='word_1_226' title='bbox 693 3204 812 3265; x_wconf 91' lang='grc' dir='ltr'><strong><em>τοῦ</em></strong></span> <span class='ocrx_word' id='word_1_227' title='bbox 844 3193 1146 3267; x_wconf 83' lang='grc' dir='ltr'><strong><em>ώκεανοῦ</em></strong></span> <span class='ocrx_word' id='word_1_228' title='bbox 1175 3207 1469 3287; x_wconf 87' lang='grc' dir='ltr'><strong><em>συνεχῶς</em></strong></span> <span class='ocrx_word' id='word_1_229' title='bbox 1497 3196 1866 3287; x_wconf 89' lang='grc' dir='ltr'><strong><em>ἀμπώτισιν</em></strong></span> <span class='ocrx_word' id='word_1_230' title='bbox 1906 3199 2117 3287; x_wconf 81' lang='grc' dir='ltr'><strong><em>ἑλώδη</em></strong></span> <span class='ocrx_word' id='word_1_231' title='bbox 2144 3208 2425 3287; x_wconf 78' lang='grc' dir='ltr'><strong><em>γίνεται·</em></strong></span> 
     </span>
     <span class='ocr_line' id='line_1_31' title="bbox 527 3294 2475 3390; baseline 0.001 -24"><span class='ocrx_word' id='word_1_232' title='bbox 527 3294 626 3377; x_wconf 89' lang='grc' dir='ltr'><strong><em>οἷς</em></strong></span> <span class='ocrx_word' id='word_1_233' title='bbox 653 3304 808 3379; x_wconf 82' lang='grc' dir='ltr'><strong><em>ἔθος</em></strong></span> <span class='ocrx_word' id='word_1_234' title='bbox 827 3315 961 3379; x_wconf 77' lang='grc' dir='ltr'><strong><em>τοῖς</em></strong></span> <span class='ocrx_word' id='word_1_235' title='bbox 979 3302 1101 3387; x_wconf 78' lang='grc' dir='ltr'><strong><em>μὲν</em></strong></span> <span class='ocrx_word' id='word_1_236' title='bbox 1121 3302 1483 3390; x_wconf 88' lang='grc' dir='ltr'><strong><em>βαρβάροις</em></strong></span> <span class='ocrx_word' id='word_1_237' title='bbox 1509 3300 1912 3387; x_wconf 82' lang='grc' dir='ltr'><strong><em>έννήχεσθαί</em></strong></span> <span class='ocrx_word' id='word_1_238' title='bbox 1935 3329 2002 3371; x_wconf 90' lang='grc' dir='ltr'><strong><em>τε</em></strong></span> <span class='ocrx_word' id='word_1_239' title='bbox 2031 3304 2141 3369; x_wconf 85' lang='grc' dir='ltr'><strong><em>καὶ</em></strong></span> <span class='ocrx_word' id='word_1_240' title='bbox 2161 3308 2423 3373; x_wconf 80' lang='grc' dir='ltr'><strong><em>διαθεῖν</em></strong></span> <span class='ocrx_word' id='word_1_241' title='bbox 2454 3328 2475 3367; x_wconf 48' lang='lat'><strong><em>3¹</em></strong></span> 
     </span>
     <span class='ocr_line' id='line_1_32' title="bbox 529 3401 2425 3499; baseline 0.004 -32"><span class='ocrx_word' id='word_1_242' title='bbox 529 3402 948 3487; x_wconf 83' lang='grc' dir='ltr'><strong><em>βρεχομένοις</em></strong></span> <span class='ocrx_word' id='word_1_243' title='bbox 973 3405 1196 3492; x_wconf 88' lang='grc' dir='ltr'><strong><em>μέχρις</em></strong></span> <span class='ocrx_word' id='word_1_244' title='bbox 1225 3404 1461 3485; x_wconf 81' lang='grc' dir='ltr'><strong><em>ίξύων·</em></strong></span> <span class='ocrx_word' id='word_1_245' title='bbox 1494 3406 1741 3499; x_wconf 86' lang='grc' dir='ltr'><strong><em>γυμνοὶ</em></strong></span> <span class='ocrx_word' id='word_1_246' title='bbox 1768 3402 1897 3491; x_wconf 80' lang='grc' dir='ltr'><strong><em>γὰρ</em></strong></span> <span class='ocrx_word' id='word_1_247' title='bbox 1924 3401 2109 3484; x_wconf 80' lang='grc' dir='ltr'><strong><em>ὄντες</em></strong></span> <span class='ocrx_word' id='word_1_248' title='bbox 2137 3402 2216 3471; x_wconf 82' lang='grc' dir='ltr'><strong><em>τὰ</em></strong></span> <span class='ocrx_word' id='word_1_249' title='bbox 2244 3415 2425 3473; x_wconf 81' lang='grc' dir='ltr'><strong><em>πλεῖ-</em></strong></span> 
     </span>
     <span class='ocr_line' id='line_1_33' title="bbox 463 3501 2425 3594; baseline 0.005 -29"><span class='ocrx_word' id='word_1_250' title='bbox 463 3510 494 3562; x_wconf 87' lang='grc'><strong>7</strong></span> <span class='ocrx_word' id='word_1_251' title='bbox 529 3520 647 3567; x_wconf 91' lang='grc' dir='ltr'><strong><em>στα</em></strong></span> <span class='ocrx_word' id='word_1_252' title='bbox 673 3508 794 3569; x_wconf 86' lang='grc' dir='ltr'><strong><em>τοῦ</em></strong></span> <span class='ocrx_word' id='word_1_253' title='bbox 822 3501 1114 3590; x_wconf 85' lang='grc' dir='ltr'><strong><em>σώματος</em></strong></span> <span class='ocrx_word' id='word_1_254' title='bbox 1146 3512 1258 3590; x_wconf 84' lang='grc' dir='ltr'><strong><em>τῆς</em></strong></span> <span class='ocrx_word' id='word_1_255' title='bbox 1292 3507 1473 3585; x_wconf 83' lang='grc' dir='ltr'><strong><em>ἰλύος</em></strong></span> <span class='ocrx_word' id='word_1_256' title='bbox 1502 3514 2056 3592; x_wconf 81' lang='grc' dir='ltr'><strong><em>καταφρονοῦσιν.</em></strong></span> <span class='ocrx_word' id='word_1_257' title='bbox 2114 3504 2273 3575; x_wconf 74' lang='grc' dir='ltr'><strong><em>οῦδὲ</em></strong></span> <span class='ocrx_word' id='word_1_258' title='bbox 2306 3508 2425 3594; x_wconf 80' lang='grc' dir='ltr'><strong><em>γὰρ</em></strong></span> 
     </span>
    </p>
   </div>
  </div>
 </body>
</html>
