2475 3859
951 154 1126 216 ΠΡΩ
1135 156 1309 217 ΊῸΝ
2032 152 2075 215 9

365 321 650 416 “κοινὴν
675 324 858 397 εἶναί
890 353 1002 415 μοι
1029 324 1194 417 πρὸς
1229 322 1403 415 ὑμᾶς
1426 322 1553 416 τὴν
1578 328 1686 398 ἐπὶ
1710 342 1849 408 τοῖς
1872 352 2073 399 κατα·
2100 335 2135 388 3

157 435 495 519 λαβοῦσιν
533 427 872 518 ἀλγηδόνα
887 480 906 516 ,
945 431 1061 499 καὶ
1111 433 1323 519 μηδέν
1370 458 1433 499 τι
1471 419 1672 519 ἦττον
1706 426 1877 519 ὑμᾶς
1915 434 2079 521 ἐμοῦ

159 540 543 624 δυσφορεῖν
556 583 575 619 ,
605 530 894 623 ἐμαυτὸν
918 530 1208 623 ἀκριβῶς
1233 535 1536 605 πέπεικα.
1610 532 1772 604 οὐδὲ
1798 533 1927 625 γὰρ
1954 558 2072 604 πε-

162 637 433 727 ριόντος
487 664 600 725 μοι
649 642 773 707 τοῦ
817 634 1064 727 πατρὸς
1103 646 1531 709 πλεονεκτεῖν
1580 633 1773 727 ὑμῶν
1822 635 2075 727 ἠξίουν.

91 764 122 807 5
161 744 426 821 ἐκεῖνος
451 736 578 830 γὰρ
605 740 858 821 πάντας
881 736 1053 831 ἡμᾶς
1079 736 1168 821 ὡς
1193 744 1315 811 ἕνα
1342 736 1584 830 ἠγάπα.
1650 748 1870 831 ἔχαιρε
1908 746 2081 829 γοῦν

159 850 424 933 μᾶλλον
449 843 946 934 συστρατιώτην
971 869 1051 933 με
1077 839 1120 933 ἢ
1149 841 1305 914 υἱὸν
1336 849 1565 915 καλῶν
1581 864 1597 880 ·
1636 841 1763 934 τὴν
1798 845 1923 935 μὲν
1948 841 2079 933 γὰρ

161 954 622 1038 προσηγορίαν
676 942 906 1037 ἡγεῖτο
947 946 1244 1037 φύσεως,
1282 945 1407 1037 τὴν
1444 944 1514 1017 δ’
1559 944 1797 1039 ἀρετῆς
1832 974 2075 1019 κοινω-

159 1056 344 1120 νίαν.
373 1052 604 1141 φέρων
625 1053 704 1121 τέ
725 1078 808 1140 με
835 1050 1150 1132 πολλάκις
1169 1058 1269 1121 ἔτι
1294 1050 1538 1141 νήπιον
1562 1048 1723 1121 ὄντα
1748 1068 1891 1133 ταῖς
1914 1046 2079 1141 ὖμεε

161 1155 388 1242 τέραις
415 1156 774 1244 ἐνεχείρισε
801 1162 1082 1225 πίστεσι.
1189 1154 1425 1245 διόπερ
1461 1156 1575 1224 καὶ
1616 1158 1825 1247 ῥᾷστα
1865 1154 2079 1243 πάσης
2098 1168 2136 1223 4

75 1274 128 1317 1⁰
166 1254 438 1337 εὐνοίας
473 1260 784 1346 μεθέξειν
822 1256 988 1350 πρὸς
1031 1253 1224 1347 ὑμῶν
1260 1255 1543 1349 ἤλπικα,
1578 1264 1717 1329 τῶν
1753 1258 1877 1347 μὲν
1916 1284 2077 1347 πρε-

161 1363 513 1449 σβυτέρων
528 1360 809 1451 τροφεῖά
834 1388 946 1451 μοι
959 1367 1170 1431 ταῦτα
1195 1358 1631 1451 ὀφειλόντων,
1648 1359 1805 1443 τοῦς
1832 1359 1896 1432 δ’
1927 1357 2074 1451 ἡλι-

161 1462 410 1544 κιώτας
451 1463 724 1545 εἰκότως
773 1460 860 1535 ἄν
907 1466 1020 1535 καὶ
1057 1463 1511 1556 συμφοιτητάς
1546 1471 1685 1537 τῶν
1726 1468 1799 1537 ἐν
1850 1462 2083 1545 ὅπλοις

163 1572 386 1657 ἔργων
411 1563 856 1657 ἀποκαλοίην·
887 1567 1138 1649 πάντας
1164 1567 1293 1659 γὰρ
1332 1565 1503 1659 ἡμᾶς
1540 1564 1629 1648 ὡς
1652 1572 1774 1639 ἕνα
1800 1564 1837 1637 ὁ
1866 1564 2081 1658 πατὴρ

164 1672 385 1757 ἐφίλει
433 1696 508 1739 τε
561 1673 674 1741 καὶ
714 1676 938 1741 πᾶσαν
973 1668 1219 1762 ἀρετὴν
1262 1675 1639 1769 ἐπαίδευεν.
1744 1677 1956 1745 ἔδωκε
1999 1671 2074 1741 δὲ
2102 1686 2137 1738 5

79 1795 134 1839 ιο
170 1768 313 1861 μετ’
357 1775 620 1843 ἐκεῖνον
671 1774 786 1861 ἐμὲ
834 1776 1110 1862 βασιλέα
1161 1770 1204 1863 ἡ
1254 1774 1420 1864 τύχη
1435 1826 1454 1861 ,
1498 1771 1623 1843 οὐκ
1642 1778 2079 1901 ἐπείσακτον,

169 1871 396 1964 ωσπερ
437 1880 507 1944 οἰ
545 1873 674 1966 πρὸ
714 1878 876 1964 ἐμοῦ
924 1876 1313 1969 προσκτήτῳ
1364 1875 1849 1965 σεμνυνόμενοι
1888 1874 2079 1965 ἀρχῇ,

167 1974 338 2047 ἀλλὰ
373 1976 574 2067 μόνος
613 2006 686 2048 τε
723 1974 888 2068 ὑμῖν
923 1975 1056 2066 ἐγώ
1095 1982 1172 2049 ἐν
1207 1995 1347 2060 τοῖς
1384 1986 1745 2069 βασιλείοις
1782 1976 2077 2069 ἀπεκυή

166 2092 310 2170 θην
324 2133 343 2167 ,
387 2082 502 2151 καὶ
530 2078 630 2204 μὴ
670 2085 1081 2171 πειραθέντα
1123 2110 1204 2171 με
1262 2087 1625 2153 ἰδιωτικῶν
1670 2082 2081 2173 σπαργάνων

168 2212 304 2273 αμα
343 2210 438 2253 τω
477 2189 594 2273 τῆς
631 2183 914 2276 γαστρὸς
949 2195 1316 2275 προελθεῖν
1352 2181 1394 2275 ἡ
1438 2192 1771 2274 βασίλειος
1813 2188 2079 2269 ἐδέξατο

81 2320 136 2362 2⁰
171 2287 520 2379 πορφύρα,
550 2282 720 2376 ὁμοῦ
757 2291 837 2359 δέ
871 2316 952 2378 με
989 2288 1175 2359 εἶδεν
1197 2286 1383 2378 ἥλιος
1408 2286 1777 2379 ἄνθρωπον
1813 2292 1926 2359 καὶ
1952 2297 2075 2378 βα-

168 2392 372 2461 σιλέα.
479 2387 818 2471 εἰκότως”
776 2420 862 2463 αν
887 2383 1014 2462 οῦν
1047 2397 1257 2462 ταῦτα
1295 2393 1703 2482 λογιζόμενοι
1740 2394 2075 2484 στέργοιτε
2100 2403 2137 2458 6

169 2490 252 2563 οῦ
293 2493 583 2565 δοθέντα
619 2490 784 2583 ὑμῖν
834 2492 1001 2565 ἀλλά
1042 2498 1463 2583 γεννηθέντα
1498 2494 1975 2588 αὐτοκράτορα.
2041 2490 2079 2565 ὁ

170 2596 293 2686 μὲν
315 2593 444 2686 γὰρ
483 2594 702 2687 πατὴρ
739 2600 807 2679 ές
845 2595 1140 2689 οὐρανὸν
1175 2596 1471 2679 ἀναπτάς
1508 2597 1759 2679 ὀπαδός
1794 2598 1927 2690 ἤδη
1966 2600 2081 2669 καὶ

171 2698 492 2790 σύνεδρός
519 2703 656 2771 ἐστι
681 2706 902 2771 θεῶν·
941 2698 1103 2792 ἡμῖν
1129 2702 1206 2771 δὲ
1229 2699 1353 2791 χρὴ
1395 2704 1623 2790 μέλειν
1660 2708 1804 2773 τῶν
1838 2705 1915 2771 ἐν
1954 2699 2075 2771 ἀν-

90 2828 146 2871 25
178 2803 472 2889 θρώποις
497 2801 718 2875 καὶτὰ
745 2807 855 2874 ἐπὶ
893 2810 1016 2894 γῆς
1043 2810 1345 2874 διοικεῖν.
1399 2811 1781 2896 κατορθοῦν
1808 2805 1884 2874 δὲ
1910 2800 2083 2873 αὐτὰ

175 2906 288 2975 καὶ
311 2910 631 2993 βεβαιοῦν
655 2903 982 2997 ὑμέτερον
1019 2914 1255 2998 ἔργον,
1296 2913 1359 2976 εἰ
1394 2907 1478 2977 τά
1514 2936 1587 2978 τε
1623 2914 1745 2979 τοῦ
1784 2909 2079 2996 πολέμου

177 3015 456 3090 λείψανα
499 3008 664 3097 μετὰ
704 3010 918 3100 πάσης
962 3008 1277 3101 ἀνδρείας
1316 3006 1755 3095 ἀπαλείψαιτε
1795 3012 1909 3080 καὶ
1953 3006 2079 3097 τὴν

168 3109 501 3200 Ῥωμαίων
527 3108 740 3203 ἀρχὴν
763 3118 988 3205 μέχρις
1015 3112 1320 3184 ὠκεανοῦ
1348 3114 1809 3205 προαγάγοιτε.
1912 3108 2079 3201 ὑμῖν
2102 3130 2135 3185 7

175 3242 248 3286 τε
271 3211 396 3342 γὰρ
421 3219 630 3285 ταῦτα
657 3217 860 3299 δόξαν
897 3228 1066 3289 οἴσει
1080 3270 1099 3304 ,
1140 3220 1255 3287 καὶ
1278 3214 1404 3307 τὴν
1428 3223 1551 3286 τοῦ
1576 3222 1809 3287 κοινοῦ
1835 3212 2083 3306 πατρὸς

100 3340 148 3382 ³⁰
179 3317 440 3409 μνήμην
465 3316 729 3409 χάρισιν
751 3318 964 3403 ἀξίαις
989 3318 1200 3402 οὕτως
1225 3317 1631 3409 ἀμείψεσθε,
1670 3316 1751 3391 ὃν
1790 3318 2077 3391 ἐπακού·

181 3450 280 3493 ειν
300 3449 370 3492 τε
394 3424 538 3491 τῶν
551 3424 932 3511 λεγομένων
947 3426 1062 3495 καὶ
1075 3451 1160 3495 τα
1173 3422 1591 3523 πραττόμενα
1617 3426 1871 3515 ἐφορᾶν
1893 3418 2079 3513 ἡγεῖ-

180 3536 317 3597 σθε.
371 3521 930 3617 εὖδαιμσνοίημεν
955 3526 1019 3599 δ’
1051 3522 1140 3599 ἀν
1162 3525 1245 3597 τὰ
1271 3528 1511 3598 δέοντα
1527 3528 1925 3620 πράττοντες
1948 3521 2083 3599 ὑπὸ
