2475 3859
483 153 564 215 26
1262 158 1615 220 ΠΡΩΤΟΝ
2462 124 2464 259 Ι

481 328 726 419 ανδρός
751 356 823 398 τε
850 330 961 398 καὶ
987 332 1058 397 οἱ
1094 332 1247 419 περὶ
1286 328 1493 401 αὐτὸν
1532 329 1925 421 ἐχρήσαντο,
1956 341 2394 421 φιλοτιμησα-

481 438 714 523 μένης,
746 429 833 512 ὡς
861 430 946 501 ἀν
983 458 1082 511 τις
1123 442 1335 519 εἴποι,
1374 440 1491 523 τῆς
1528 430 1967 524 ἀνθρωπίνης
2006 435 2279 523 φύσεως
2326 441 2397 506 ἐν

483 539 583 608 ἑνὶ
613 539 822 617 δεῖξαι
849 532 948 603 ὅτι
979 537 1052 603 ἐκ
1079 541 1197 625 τῆς
1225 537 1497 625 ἐσχάτης
1526 534 1857 618 εὐτελείας
1886 542 1953 618 ές
1980 537 2055 607 τὸ
2082 542 2397 626 μέγιστον

480 638 649 724 ὕψος
687 630 843 728 ἀραι
885 638 998 706 καὶ
1053 639 1258 709 πάλιν
1294 638 1413 709 τὸν
1454 638 1752 731 ἀρθέντα
1790 646 1982 731 ῥῖψαι
2016 638 2232 730 ’ὀλίγη
2286 646 2399 712 καὶ

481 742 872 821 ἀνέλπιστος
899 739 1181 811 δύναται
1207 742 1407 831 τύχης
1444 744 1635 835 ῥοπή.

419 863 450 916 7
683 840 719 914 ὁ
750 845 824 913 δὲ
851 844 1202 934 Κόμμοδος
1229 844 1470 935 δεδιώς
1494 846 1621 936 μὲν
1646 845 1771 936 τὴν
1795 854 1916 916 τοῦ
1944 847 2161 937 δήμου
2200 856 2393 938 κίνη-
2462 876 2465 907 ¹

479 970 622 1034 σιν,
651 948 742 1037 μή
768 975 832 1016 τι
859 951 972 1017 καὶ
1001 951 1154 1037 περὶ
1179 948 1389 1019 αὐτὸν
1414 958 1908 1041 νεωτερίσειεν,
1940 948 2127 1040 ’ὅμως
2159 951 2237 1021 δὲ
2264 978 2393 1021 πα-

479 1049 958 1143 ρορμησάντων
983 1048 1192 1122 αὐτὸν
1215 1060 1353 1123 τῶν
1370 1060 1640 1124 οἰκείων
1656 1052 2011 1124 κατελθών
2028 1058 2093 1134 ἐς
2108 1050 2182 1123 τὸ
2204 1053 2395 1141 ἄστυ,

477 1154 641 1247 μετὰ
669 1154 882 1243 πάσης
911 1152 1238 1245 εὐφημίας
1262 1185 1335 1225 τε
1378 1160 1491 1226 καὶ
1534 1163 1979 1248 παραπομπῆς
2016 1150 2138 1227 τόῦ
2176 1158 2395 1248 δήμου

479 1257 882 1347 ὑποδεχθεὶς
910 1262 976 1339 ἐς
1001 1256 1125 1348 την
1151 1267 1495 1347 βασίλειον
1522 1264 1907 1349 ἐπανῆλθεν
1934 1258 2169 1351 αὐλήν.
2244 1288 2390 1331 πει-
2424 1280 2461 1322 ῐῦ

482 1365 716 1454 ραθεὶς
745 1362 818 1432 δὲ
845 1362 1182 1432 τοσούτων
1222 1363 1569 1433 κινδύνων
1610 1361 1905 1445 ἀπίστως
1942 1367 2395 1456 προσεφέρετο

481 1472 721 1552 πᾶσιν,
768 1463 1063 1554 ἀφειδῶς
1116 1493 1189 1534 τε
1237 1466 1552 1555 φονεύων
1606 1471 1720 1536 καὶ
1756 1468 1997 1549 πάσαις
2051 1475 2397 1556 διαβολαῖς

481 1574 730 1661 ῥαδίως
757 1568 1094 1639 πιστεύων
1115 1622 1134 1653 ,
1177 1574 1353 1659 μηδέ
1372 1598 1525 1639 τινα
1552 1574 1984 1660 προσιέμενος
2023 1578 2161 1641 τῶν
2188 1571 2395 1659 λόγου

478 1670 715 1758 ἀξίων,
745 1670 913 1742 ἀλλὰ
952 1678 1068 1760 τῆς
1108 1673 1232 1761 μὲν
1272 1676 1425 1763 περὶ
1465 1671 1547 1742 τὰ
1580 1672 1752 1744 καλὰ
1796 1681 2095 1763 σπουδῆς
2134 1666 2395 1764 ἀπῆγεν

481 1775 748 1861 ἑαυτόν,
779 1775 1198 1846 δεδούλωντο
1227 1778 1303 1846 δὲ
1330 1782 1551 1846 πᾶσαν
1592 1776 1801 1847 αὐτοῦ
1843 1777 1967 1867 τὴν
2002 1776 2225 1867 ψυχὴν
2264 1778 2387 1848 νύ·
2422 1798 2455 1839 1⁵

479 1907 656 1969 κτωρ
677 1906 750 1947 τε
775 1882 887 1949 καὶ
904 1876 1062 1967 μεθ’
1093 1875 1347 1971 ἡμέραν
1362 1879 1717 1969 ἐπάλληλοι
1744 1884 1857 1951 καὶ
1882 1880 2231 1951 ἀκόλαστοι
2261 1882 2392 1951 ‹505-
2462 1968 2464 1971 Α

405 2002 443 2055 8
483 2010 684 2072 ματος
725 1978 984 2071 ἡδοναί.
1091 1986 1204 2052 καὶ
1258 1984 1553 2073 σώφρων
1598 1985 1722 2073 μὲν
1766 1992 1895 2066 πᾶς
1934 1988 2046 2053 καὶ
2088 1990 2395 2064 παιδείας

479 2082 608 2156 κάν
659 2093 941 2174 μετρίως
993 2089 1413 2175 μεμυημένος
1468 2093 1583 2176 τῆς
1634 2085 1842 2178 αὐλῆς
1897 2083 1985 2168 ως
2040 2092 2394 2176 ἐπίβουλος
2462 2098 2464 2201 ff

480 2188 824 2275 ἐδιώκετο,
853 2192 1287 2275 γελωτοποιοὶ
1316 2190 1527 2260 δὲκαὶ
1559 2197 1695 2260 τῶν
1724 2192 2081 2279 αἰσχίστων
2106 2188 2390 2281 ὑποκρι-

477 2294 584 2362 ταὶ
627 2291 807 2380 εἶχον
845 2288 1054 2361 αὐτὸν
1094 2287 1501 2384 ὑποχείριον.
1596 2290 1911 2383 ἁρμάτων
1946 2322 2019 2364 τε
2058 2290 2392 2384 ἡνιοχείας
2420 2320 2464 2373 mg

479 2397 591 2466 καὶ
645 2401 912 2483 θηρίων
955 2398 1020 2477 ἐξ
1061 2393 1501 2479 ἀντιστάσεως
1540 2398 1748 2486 μάχας
1787 2399 2209 2485 ἐπαιδεύετο,
2251 2404 2391 2468 τῶν

477 2499 602 2588 μὲν
629 2498 936 2567 κολάκων
980 2502 1046 2579 ἐς
1081 2495 1395 2590 ἀνδρείας
1437 2502 1639 2584 δόξαν
1676 2498 1846 2571 αὐτὰ
1880 2499 2387 2589 ἀνυμνούντων,

475 2607 597 2671 τοῦ
639 2601 714 2670 δὲ
755 2598 1249 2693 ἀπρεπέστερον
1295 2605 1634 2693 μετιόντος
1680 2600 1722 2693 ἢ
1774 2614 2041 2694 βασιλειν
2086 2605 2391 2695 σώφρονι
2462 2630 2464 2637 ·

477 2702 776 2796 ἥρμοζεν.
1294 2729 1302 2740 ·
2463 2710 2464 2713 ’

385 2822 460 2882 14
683 2809 990 2894 ἐγένοντο
1019 2808 1101 2875 δέ
1119 2834 1296 2890 τινες
1324 2807 1470 2878 κατ’
1505 2813 1722 2880 ἐκεῖνο
1751 2815 1991 2900 καιροῦ
2018 2812 2128 2879 καὶ
2156 2815 2383 2898 διοση-
2415 2830 2454 2871 ‘2⁵

476 2919 642 3000 μίαι.
697 2907 964 2999 ἀστέρες
1003 2907 1128 3000 γὰρ
1157 2906 1415 3003 ἡμέριοι
1444 2918 1739 3001 συνεχῶς
1768 2914 2147 3001 ἐβλέποντο,
2176 2916 2396 3003 ἕτεροί

476 3042 549 3084 τε
577 3018 643 3093 ἐς
669 3019 875 3101 μῆκος
904 3017 1377 3103 κεχαλασμένοι
1406 3012 1495 3096 ὥς
1522 3019 1596 3086 ἐν
1622 3018 1801 3107 μέσῳ
1830 3013 1976 3104 ἀέρι
2014 3018 2388 3105 κρέμασθαι

479 3124 738 3187 δοκεῖν·
794 3115 926 3207 ζῷά
967 3143 1039 3184 τε
1083 3134 1366 3188 παντοῖα
1406 3120 1517 3188 καὶ
1556 3116 1681 3207 τὴν
1732 3121 1993 3189 ἑαυτῶν
2034 3119 2247 3207 φύσιν
2300 3117 2387 3208 μὴ

475 3222 810 3309 τηροῦντα
837 3218 1127 3307 σχήμασί
1160 3248 1232 3288 τε
1260 3218 1661 3301 ἀλλοδαποῖς
1688 3224 1801 3311 καὶ
1837 3224 2065 3311 μέρεσι
2092 3221 2389 3309 σώματος
2462 3262 2464 3317 5

477 3319 912 3411 ἀναρμόστοις
940 3321 1257 3400 πολλάκις
1285 3321 1660 3412 ἀπεκυήθη.
1700 3322 1775 3393 τὸ
1801 3328 2113 3413 μέγιστον
2140 3324 2216 3395 δὲ
2244 3331 2381 3395 δει-
2414 3318 2464 3409 3οῘ

417 3449 453 3501 2
480 3423 635 3511 νόν,
665 3420 702 3494 ὃ
727 3426 838 3493 καὶ
879 3421 997 3493 τὸν
1023 3423 1322 3513 παρόντα
1362 3424 1599 3514 καιρὸν
1636 3427 1925 3517 ἐλύπησε
1961 3428 2074 3496 καὶ
2112 3424 2277 3517 πρὸς
2316 3427 2389 3497 τὸ

475 3530 720 3619 μέλλον
771 3533 1159 3613 οἰωνίσματ’,
1210 3528 1324 3595 καὶ
1378 3528 1615 3626 φαύλῳ
1652 3530 1965 3625 συμβόλῳ
2004 3532 2387 3619 χρωμένους
