2475 3859
896 216 1343 277 AEYTEPON
1995 214 2073 276 37

150 385 487 479 ἀταραξίᾳ
515 382 602 467 ὥς
641 384 800 477 μηδ’
848 382 1218 478 ἇναθορεῑν
1255 396 1377 460 τοῦ
1414 396 1813 479 σκίμποδος,
1852 405 2075 479 μεῖναι

153 492 237 561 δὲ
266 493 380 560 ἐπὶ
405 496 526 560 τοῦ
552 490 909 579 σχήματος,
937 494 1052 561 καὶ
1077 490 1194 561 τὸν
1218 501 1470 564 Λαττον
1484 490 1621 583 ἅμα
1645 500 1738 588 τῷ
1755 491 2073 587 Ἐκλέκτῳ

154 593 593 681 εἰσελθόντα,
621 601 836 664 καίτοι
864 600 1196 665 δοκοῦντα
1223 599 1334 666 ἐπὶ
1372 596 1561 691 φόνφ
1600 594 1821 687 ἥκειν,
1862 618 2069 688 προσ-

154 714 384 769 ειπεῑν
410 726 517 784 τε,
558 699 672 767 καὶ
712 703 1084 789 θαρροῦντι
1124 699 1294 787 μηδὲ
1334 698 1733 791 ὥχριάσαντι
1768 706 1861 796 τῷ
1901 727 2063 792 προ·
2101 720 2133 776 7

87 823 116 862 5
153 800 369 895 σοόπςο
400 796 647 872 “adstat
673 798 829 890 μέν”
870 801 1080 891 φάναι
1106 797 1263 872 “ocal
1302 804 1515 892 πάσης
1550 802 1795 886 νυκτὸς
1819 803 1972 875 τόδε
1997 802 2073 873 τὸ

148 911 345 985 τέλος
369 910 490 974 τοῦ
535 912 689 993 βίου
733 902 914 993 εἶχον
941 902 1032 973 δι’
1076 908 1377 994 ἐλπίδος,
1416 906 1619 996 μόνος
1652 935 1726 978 τε
1762 913 1900 978 τῶν
1941 934 2067 977 πα-

149 1007 398 1103 τρῴων
425 1014 520 1077 ἔτι
549 1007 1093 1098 περιλειπόμενος
1120 1016 1342 1099 φίλων
1380 1011 1759 1101 ἐθαύμαζον
1785 1007 1892 1081 ἐπ’
1926 1012 2073 1099 ἐμοὶ

151 1112 520 1202 Κόμμοδον
545 1111 991 1203 βραδύνοντα.
1054 1119 1125 1181 τί
1157 1110 1241 1202 δὴ
1267 1115 1569 1202 μέλλετε;
1606 1110 1797 1204 ὑμεῖς
1832 1141 1904 1184 τε
1943 1112 2071 1203 γὰρ

155 1214 441 1305 δράσετε
481 1212 556 1284 τὸ
597 1217 1151 1303 κεκελευσμένον,
1191 1216 1325 1304 ἐγώ
1359 1246 1432 1287 τε
1470 1224 1765 1309 πονηρᾶς
1804 1221 2072 1295 ἐλπίδος

63 1340 120 1380 1⁰
154 1321 272 1389 καὶ
323 1318 546 1407 φόβου
599 1322 921 1406 συνεχοῦς
965 1315 1441 1409 ἀπαλλάξομαι.
1438 1318 1475 1346 ”
1560 1319 1726 1413 πρὸς
1773 1326 1985 1391 ταῦτα
2032 1316 2069 1389 5

153 1416 469 1502 Λαῑτος“
478 1418 560 1491 οὐ
587 1418 842 1510 παύσῃ”
874 1416 1039 1510 ἔφη
1041 1416 1303 1505 ἀνάξια
1329 1430 1581 1494 σαυτοῦ
1605 1427 1875 1494 καὶτῶν
1900 1450 2063 1513 προ-
2094 1446 2130 1500 8

152 1518 594 1614 βεβιωμένων
619 1544 722 1595 σοι
750 1527 998 1612 λέγων;
1027 1522 1108 1595 οὐ
1135 1554 1264 1617 γαρ
1292 1526 1400 1597 ἐπ’
1432 1525 1697 1621 ὀλέθρω
1714 1533 1809 1620 τῷ
1826 1533 1923 1621 σῷ
1948 1524 2071 1617 ’ἥδε

152 1626 350 1719 ἡμων
386 1623 429 1717 ἡ
467 1625 720 1717 αφιξις,
764 1625 916 1698 ἀλλ’
962 1630 1070 1697 ἐπὶ
1097 1638 1391 1722 σωτηρία
1415 1637 1497 1721 τῇ
1521 1657 1594 1699 τε
1628 1626 1819 1721 ἡμῶν
1844 1627 2071 1699 αὐτων

152 1734 412 1821 καὶτῆς
441 1726 780 1820 Ρωμαίων
819 1727 1040 1822 ἀρχῆς.
1095 1748 1307 1802 κεῖται
1334 1733 1460 1822 μὲν
1497 1732 1624 1824 γὰρ
1666 1729 1702 1802 5
1739 1733 2069 1823 τύραννος

69 1859 118 1898 15
155 1841 357 1923 δίκην
398 1831 557 1915 δοῦς
597 1832 723 1923 τὴν
761 1832 1264 1927 προσήκουσαν,
1304 1834 1499 1905 καὶ”
1454 1863 1625 1927 απερ
1664 1833 1864 1918 αὐτὸς
1897 1831 2069 1924 ἡμᾶς

149 1944 396 2028 δρᾶσαι
425 1944 781 2024 διενοεῖτο,
820 1943 1031 2007 ταῦτα
1067 1934 1233 2028 πρὸς
1263 1935 1455 2027 ἡμων
1494 1946 1771 2009 ἔπαθεν.
1872 1933 2060 2028 ἡμεῖς
2089 1957 2123 2011 9

147 2042 227 2113 δὲ
253 2038 507 2131 ἥκομέν
532 2061 637 2111 σοι
662 2038 789 2130 τὴν
813 2047 1163 2130 βασιλείαν
1190 2036 1828 2133 ἐγχειριοῦντεςῇὃν
1872 2052 2065 2130 ἴσμεν

145 2145 529 2235 προύχοντα
572 2148 648 2214 ἐν
682 2150 765 2234 τῇ
805 2144 1154 2237 συγκλήτῳ
1205 2149 1422 2235 βουλῇ
1460 2142 1867 2237 σωφροσύνῃ
1908 2151 2064 2233 βίου

143 2251 426 2339 μεγέθει
453 2275 524 2317 τε
550 2244 913 2337 ἀξιώματος
939 2250 1052 2317 καὶ
1089 2242 1351 2337 ἡλικίας
1378 2249 1762 2338 σεμνότητι,
1804 2249 2061 2319 ποθού-

65 2381 116 2421 20
145 2351 359 2443 μενόν
382 2378 455 2420 τε
481 2354 594 2421 καὶ
620 2350 1000 2441 τιμώμενον
1024 2346 1156 2420 ὑπὸ
1182 2357 1303 2421 τοῦ
1332 2352 1549 2443 δήμου
1566 2374 1580 2389 ·
1624 2350 1796 2422 ὅθεν
1831 2348 2059 2422 κάκεί-

140 2483 291 2535 νοις
319 2451 631 2524 εῦκταῐον
655 2456 766 2523 καὶ
793 2449 954 2543 ἡμῖν
980 2454 1309 2544 σωτήριον
1332 2453 1407 2525 τὸ
1433 2454 1889 2546 πραττόμενον
1916 2462 2058 2525 ἔσε-

140 2570 315 2630 σθαι
369 2553 902 2650 προσδοκῶμεν.”
1010 2554 1174 2646 πρὸς
1222 2563 1432 2627 ταῦτα
1484 2554 1521 2627 5
1570 2562 1904 2650 Περτίναξ
1936 2554 2064 2628 “01'ae
2092 2576 2161 2628 10

141 2658 526 2733 παύσεσθε”
559 2668 688 2752 ἔφη
719 2656 757 2684 “
763 2660 1188 2749 χλευάζοντες
1213 2660 1625 2752 πρεσβύτην,
1667 2664 1780 2731 καὶ
1818 2662 2060 2731 τοσαύ-

141 2795 272 2856 την
297 2794 430 2855 μου
473 2772 732 2836 δειλίαν
771 2762 1261 2851 κατεγνωκότες
1300 2760 1388 2844 ὥς
1426 2770 1695 2854 πρῶτον
1732 2762 2065 2853 ἀπατῆσαι

68 2893 116 2934 ⁴15
146 2869 517 2958 βούλεσθε,
565 2864 699 2936 εἶθ’
743 2864 919 2936 οῦτω
963 2871 1290 2958 φονεῦσαι
1308 2864 1360 2949 ;”
1396 2862 1611 2937 “dude
1644 2864 1809 2958 μήν”
1853 2873 1982 2955 ἔφη
2022 2863 2059 2935 5

129 2970 482 3050 Ἐκλεκτος
496 3021 516 3056 ,
546 2965 739 3040 “guez
766 2973 1079 3057 λέγουσιν
1103 2966 1266 3061 ἡμῖν
1305 2966 1387 3041 οὗ
1426 2977 1901 3057 πεπίστευκας,
1936 2979 2055 3039 λα-

145 3071 290 3163 βών
328 3074 514 3141 τουτὶ
555 3071 628 3144 τὸ
670 3090 1120 3163 γραμματεῖον
1157 3078 1525 3164 (γνωρίζεις
1578 3073 1653 3142 δὲ
1702 3070 1826 3161 τὴν
1869 3082 2054 3162 Κομ-

145 3176 358 3266 μόδου
384 3192 595 3266 χεῖρα,
624 3173 826 3265 οῦσης
851 3196 956 3245 σοι
982 3180 1098 3265 τῆς
1124 3172 1567 3263 ἀναγνώσεως
1593 3178 1669 3244 ἐν
1692 3180 2055 3267 συνηθείᾳ)

145 3278 496 3369 ἀνάγνωθι
517 3300 532 3315 ·
563 3275 737 3349 οὕτω
765 3277 892 3369 γὰρ
919 3278 1148 3367 γνώσῃ
1173 3284 1328 3348 τίνα
1353 3305 1426 3348 τε
1452 3284 1777 3349 κίνδυνον
1803 3279 2052 3367 ἐφύγο-
2087 3296 2153 3348 11

77 3411 119 3453 an
147 3412 302 3473 μεν,
342 3385 457 3452 καὶ
499 3378 600 3452 ὅτι
637 3379 726 3472 μὴ
771 3388 1011 3471 σκῆψις
1049 3378 1201 3452 ἀλλ’
1246 3380 1532 3471 ἀλήθεια
1568 3380 1881 3473 πρόσεστι
1920 3398 2057 3462 τοῖς

149 3482 542 3577 λεχθεῖσιν.”
624 3482 938 3573 ἐπιγνοὺς
964 3482 1048 3575 δὴ
1088 3483 1170 3555 τὰ
1195 3486 1616 3575 γεγραμμένα
1642 3480 1679 3554 5
1703 3488 2055 3575 Περτίναξ,

150 3598 446 3672 πεισθείς
471 3617 544 3661 τε
570 3586 855 3679 ἀνδράσι
876 3590 988 3657 καὶ
1005 3586 1333 3678 πρότερον
1352 3584 1561 3657 αὐτοῦ
1579 3594 1819 3678 φίλοις,
1838 3588 2055 3657 πάντα
