2475 3859
359 135 482 197 194
1139 129 1497 193 ΟΓΔΟΟΝ

355 329 477 397 σης
503 302 684 378 ὀὔτε
737 310 916 376 νεῶν
971 298 1008 373 ὁ
1051 303 1335 395 στρατὸς
1386 306 1462 374 ἐν
1514 298 1773 393 ἀφασίᾳ
1826 297 2275 388 καθειστήκει.

296 428 331 482 3
357 409 692 502 Γερμανοὶ
727 411 809 480 δέ
831 433 1008 488 τινες
1033 404 1162 478 οὐκ
1201 405 1453 488 εἰδότες
1490 413 1627 476 τῶν
1655 400 2043 474 Ἰταλιωτῶν
2069 425 2278 472 ποτα-

355 521 504 604 μῶν
529 511 612 583 τὰ
640 508 908 602 σφοδρὰ
933 510 1050 582 καὶ
1075 507 1678 601 καταρρηγνύμενοι
1706 506 2021 597 ῥεύματα,
2052 505 2277 593 οίόμε·

353 645 464 690 νοι
507 615 585 689 δὲ
624 621 1016 704 σχολαίτερα
1067 612 1505 702 ἐπινήχεσθαι
1560 626 1698 692 τοῖς
1750 614 2009 691 πεδίοις
2052 603 2277 694 ῶσπερ

355 716 515 808 παρ’
551 716 778 800 αὐτοῖς
805 715 942 802 (διὸ
987 718 1104 786 καὶ
1137 716 1473 806 πήγνυται
1512 717 1761 808 ῥᾳδίως
1776 764 1795 801 ,
1834 710 1923 801 μὴ
1964 715 2277 800 σφοδρῶς
2308 739 2332 780 s

357 823 770 911 κινουμένου
795 824 918 891 τοῦ
947 818 1323 909 ῥεύματος),
1351 811 2022 906 ἐπεισπηδήσαντες”’
1980 841 2115 903 αμα
2141 828 2279 894 τοῖς

357 933 588 1007 ἵπποις
613 924 1052 1014 διανήχεσθαι
1087 923 1518 1011 εὐθισμένοις,
1546 921 2075 1014 παρενεχθέντες
2093 916 2279 992 ἀπιό-

359 1040 578 1101 λοντο.

297 1153 334 1204 4
569 1129 698 1201 δύο
724 1128 851 1217 μὲν
889 1121 1020 1198 οὖν
1061 1123 1108 1216 ἦ
1149 1132 1363 1217 τριῶν
1394 1121 1667 1219 ἡμερῶν
1704 1125 2279 1214 σκηνοποιησάμε-

359 1261 478 1316 νος
513 1229 550 1304 ὁ
579 1235 992 1320 Μαξιμτνος,
1019 1231 1287 1319 τάφρου
1327 1236 1421 1324 τῷ
1459 1237 1717 1323 στρατῷ
1762 1236 2280 1320 περιβληθείσης
2312 1257 2353 1296 ιο

361 1337 453 1428 μή
485 1363 662 1418 τινες
689 1336 1070 1421 ἐπέλθοιεν,
1101 1340 1367 1422 ἔμεινεν
1404 1334 1518 1403 ἐπὶ
1544 1339 1625 1424 τῇ
1652 1331 1813 1402 καθ’
1848 1330 2059 1404 αὑτὸν
2084 1330 2277 1422 ὄχθῃ,

363 1438 776 1528 σκεψόμενος
813 1433 994 1518 ὅπως
1035 1436 1154 1508 τὸν
1192 1436 1492 1526 ποταμὸν
1536 1435 1923 1527 γεφυρῶσῃ.
2010 1439 2157 1506 ἐπεὶ
2208 1437 2280 1506 δὲ

302 1577 314 1598 ·
363 1543 588 1650 ξύλων
616 1533 705 1631 ἦν
743 1537 992 1629 ἀπορία
1028 1542 1142 1612 καὶ
1181 1547 1400 1626 νεῶν,
1442 1535 1523 1621 ἃς
1562 1545 1701 1610 ἔδει
1738 1547 2131 1629 ζευχθείσας
2169 1567 2281 1629 γε·-

367 1641 681 1737 φυρῶσαι
718 1642 794 1714 τὸ
835 1646 1118 1736 ῥεῖθρον
1131 1693 1151 1731 ,
1192 1639 1539 1731 υπέβαλόν
1574 1670 1753 1725 τινες
1790 1651 1931 1714 τῶν
1966 1651 2281 1732 τεχνιτῶν

365 1747 582 1822 πολλὰ
609 1747 782 1820 εἶναι
805 1746 973 1818 κενὰ
1011 1745 1341 1836 οίνοφόρα
1385 1744 1595 1835 σκεύη
1631 1753 2041 1837 περιφεροῦς
2081 1747 2281 1831 ξύλου
2313 1770 2351 1812 ιε

368 1857 444 1924 ἐν
475 1869 612 1934 τοῖς
639 1851 908 1942 ἐρήμοις
933 1847 1199 1943 ἀγροῖς,
1233 1844 1335 1931 οἷς
1360 1851 1649 1939 ἐχρῶντο
1686 1849 1813 1940 μὲν
1852 1849 2185 1942 πρότερον
2224 1856 2289 1920 οι

367 1961 834 2035 κατοικοῦντες
862 1957 930 2055 ἐς
955 1950 1332 2043 ὑπηρεσίαν
1358 1955 1649 2042 ἑαυτῶν,
1694 1949 1783 2036 ῶς
1822 1956 2285 2045 παραπέμπειν

368 2059 492 2130 τὸν
521 2059 708 2130 οἶνον
734 2043 1052 2146 ἀσφαλῶς
1079 2072 1222 2138 τοῖς
1264 2058 1635 2146 δεομένοις·
1678 2053 1851 2147 ἅπερ
1896 2085 2059 2128 οντα
2096 2065 2283 2128 κοῖλα

372 2169 573 2252 δίκην
609 2168 817 2249 νεῶν,
857 2157 1168 2249 ἀλλήλοις
1219 2162 1643 2231 συνδεθέντα
1681 2160 2113 2250 ἐπινήξεσθαι
2164 2162 2284 2251 μὲν

372 2272 649 2354 ἔμελλεν
691 2259 916 2354 ῶσπερ
959 2263 1220 2352 σκάφη,
1268 2261 1358 2352 μὴ
1396 2263 2023 2354 παρενεχθήσεσθαι
2062 2262 2141 2334 δὲ
2175 2263 2285 2334 διά
2310 2283 2355 2324 2⁰

372 2393 446 2438 τε
473 2375 596 2436 τοῦ
631 2372 882 2455 δεσμοῦ
925 2362 1002 2436 τὸ
1041 2366 1451 2454 ἐπάλληλον,
1494 2366 1869 2455 φρυγάνων
1902 2393 1975 2437 τε
2016 2363 2286 2438 ἄνωθεν

375 2473 914 2559 ἐπιβληθέντων,
941 2475 1068 2556 χοῦ
1093 2495 1166 2537 τε
1201 2475 1318 2556 τῆς
1359 2475 1481 2557 γῆς
1519 2477 1803 2559 μετρίως
1840 2473 1907 2553 ἐς
1946 2466 2119 2540 αὐτὰ
2154 2493 2287 2542 σω·-

314 2594 348 2647 5
385 2575 750 2665 ρευθέντος
774 2574 948 2661 χειρὶ
977 2577 1193 2662 πολλῇ
1223 2572 1339 2640 καὶ
1364 2577 1651 2664 σπουδῇ.
1754 2577 2125 2664 ἐφεστῶτος
2164 2565 2291 2644 οὖν

375 2674 592 2748 αὐτοῦ
619 2673 856 2764 διαβὰς
881 2671 920 2744 ὁ
945 2672 1224 2763 στρατὸς
1250 2677 1361 2746 ἐπὶ
1398 2673 1524 2765 τὴν
1558 2675 1759 2746 πόλιν
1797 2677 2049 2766 ἐχώρει.
2092 2678 2289 2767 (καὶ)

376 2779 460 2850 τὰ
499 2780 625 2869 μὲν
665 2778 1158 2868 οἰκοδομήματα
1193 2783 1333 2848 τῶν
1374 2787 1793 2863 προαστείων
1836 2788 2049 2871 ἔρημα
2102 2777 2288 2869 εὕρι-
2314 2805 2359 2845 25

380 2908 580 2972 σκον,
616 2879 952 2971 ἀμπέλους
977 2883 1204 2972 μέντοι
1245 2883 1359 2951 καὶ
1400 2885 1649 2972 δένδρα
1674 2883 1893 2955 πάντα
1918 2886 2289 2970 ἐξέκοπτον,

382 2983 427 3056 ἃ
465 2985 544 3057 δὲ
580 2988 1113 3075 ἐνεπίμπρασαν,
1151 2986 1269 3054 καὶ
1306 2983 1431 3075 τὴν
1466 2984 1797 3078 πρότερον
1845 3002 1987 3068 τοῖς
2027 2994 2293 3076 χωρίοις

382 3086 822 3180 ὑπάρχουσαν
847 3085 1034 3179 ῶραν
1053 3087 1496 3179 κατῄσχυνον.
1524 3091 1831 3181 δένδρων
1854 3088 1983 3181 γὰρ
2010 3098 2293 3179 στοίχοις
2402 3127 2404 3144 =

385 3203 556 3274 ἴσοις
581 3189 896 3280 ἀμπέλων
921 3219 995 3262 τε
1009 3189 1178 3282 πρὸς
1193 3189 1483 3281 ἀλλήλας
1510 3195 1695 3262 δέσει
1716 3192 2145 3282 πανταχόθεν
2170 3189 2293 3282 ἦρ-

383 3296 689 3382 τημένων
716 3296 790 3363 ἐν
815 3296 1046 3384 ἑορτῆς
1071 3293 1349 3382 σχήματι
1365 3344 1385 3382 ,
1414 3296 1725 3391 στεφάνῳ
1762 3293 1849 3366 ἄν
1890 3325 1989 3379 τις
2013 3294 2139 3384 τὴν
2162 3295 2293 3386 χῶ-
2320 3320 2362 3362 ³⁰
2403 3377 2404 3382 γ

389 3423 518 3483 ραν
567 3402 1027 3485 κεκοσμῆσθαι
1081 3395 1483 3486 ἐτεκμήρατο
1498 3419 1515 3436 ·
1562 3395 1733 3489 ἅπερ
1773 3399 1989 3470 πάντα
2029 3399 2296 3488 ῥιζόθεν

327 3517 362 3570 6
389 3497 674 3580 ἐκκόψας
705 3495 742 3568 ὁ
765 3496 1044 3587 στρατὸς
1067 3501 1178 3570 ἐπὶ
1207 3496 1292 3568 τὰ
1330 3507 1511 3590 τείχη
1548 3498 1877 3592 ἠπείγετο.
1942 3502 2297 3594 κεκμηκότι
