2475 3859
493 116 573 179 32
1272 118 1621 179 ΠΡΩΤΟΝ

492 298 584 381 πῆ
610 290 934 381 βούλησιν
959 287 1173 360 αὐτοῦ
1195 288 1281 360 τὰ
1317 296 1549 380 πρῶτα
1586 290 1920 382 ἐλιπάρει,
1960 294 2073 361 καὶ
2113 299 2397 382 προσπί-

492 416 749 466 πτουσα
773 390 938 483 μετὰ
967 392 1285 485 δακρύων
1310 396 1525 465 ἐδεῖτο
1560 393 1725 484 μήτε
1757 392 1883 483 τὴν
1910 391 2250 483 Ῥωμαίων
2278 392 2397 484 ἀρ·

491 497 616 589 χὴν
639 503 1052 587 καθυβρίσαι
1079 494 1246 587 μήθ’
1280 495 1522 568 ἑαυτὸν
1535 496 1853 569 ἐπιδόντα
1868 498 2263 587 μονομάχοις
2292 500 2401 566 καὶ
2472 536 2474 539 <

429 630 464 681 5
495 601 1032 690 ἀπεγνωσμένοις
1095 599 1484 691 ἀνθρώποις
1549 606 2009 672 κινδυνεῦσαι.
2128 603 2273 671 ἐπεὶ
2334 602 2401 671 δὲ
2472 612 2474 635 ³

487 703 702 779 πολλὰ
741 702 1132 775 ἱκετεύουσα
1167 702 1295 775 οὐκ
1335 706 1699 793 ἐτύγχανεν
1736 702 1982 791 αὐτοῦ,
2022 697 2067 793 ἢ
2113 705 2239 794 μὲν
2278 710 2399 773 δα-
2428 724 2444 763 ⁵

487 809 788 901 κρύουσα
839 805 1124 897 ἀπέστη,
1175 804 1212 878 ὁ
1268 809 1345 879 δὲ
1406 807 1759 898 Κόμμοδος
1810 807 2403 897 μεταπεμψάμενος

485 922 738 983 Λαῖτον
776 908 895 982 τὸν
935 919 1226 1003 ἔπαρχον
1258 918 1397 983 τῶν
1436 915 1909 1003 στρατοπέδων
1931 909 2294 983 ’Ἑκλεκτόν
2336 937 2401 979 τε

485 1013 605 1086 τὸν
641 1020 764 1084 τοῦ
805 1015 1118 1104 θαλάμου
1155 1022 1539 1111 προεστῶτα
1594 1020 1904 1087 ἐκέλευεν
1954 1011 2136 1109 αὐτῷ
2186 1041 2399 1103 παρα-

489 1124 950 1207 σκευασθῆναι
979 1114 1067 1198 ῶς
1095 1118 1677 1210 διανυκτερεύσων
1703 1124 1779 1190 ἐν
1803 1124 1897 1211 τῷ
1932 1124 2069 1189 τῶν
2108 1117 2399 1209 μονομά-

487 1251 628 1312 χων
679 1230 1070 1316 καταγωγίῳ
1123 1220 1446 1294 κάκεῖθεν
1500 1223 2065 1315 προελευσόμενος
2127 1222 2239 1292 ἐπὶ
2288 1218 2400 1300 τὰς
2428 1236 2456 1275 ¹⁰

487 1333 738 1405 θυσίας
763 1330 878 1413 τῆς
906 1330 1307 1417 ἱερομηνίας,
1337 1321 1426 1407 ῶς
1454 1322 1793 1415 Ῥωμαίοις
1820 1332 2099 1405 ἔνοπλος
2124 1322 2397 1413 ὀφθείη.

489 1436 558 1499 οἳ
581 1430 658 1499 δὲ
686 1429 986 1499 ἱκέτευον
1011 1431 1124 1498 καὶ
1165 1437 1437 1499 πείθειν
1476 1432 1839 1521 ἐπειρῶντο
1879 1430 2090 1519 μηδὲν
2128 1426 2401 1509 ἀνάξιον

396 1552 470 1612 17
487 1538 604 1622 τῆς
627 1539 968 1621 βασιλείας
993 1548 1232 1603 ποιεῖν.
1336 1529 1372 1603 ὅ
1403 1534 1480 1603 δὲ
1496 1534 1850 1624 Κόμμοδος
1874 1530 2221 1621 ἀσχάλλων
2248 1528 2401 1609 τούς

490 1636 615 1726 μὲν
655 1632 1120 1724 ἀπεπέμψατο,
1147 1634 1347 1717 αὐτὸς
1388 1637 1463 1706 δὲ
1502 1634 1901 1707 ἐπανελθῶν
1953 1639 2019 1716 ἐς
2056 1633 2131 1705 τὸ
2174 1634 2396 1722 δωμά-

487 1766 636 1809 τιον
663 1734 750 1819 ῶς
778 1737 862 1828 δὴ
888 1740 1339 1829 καθευδήσων
1376 1743 1516 1825 (καὶ
1553 1739 1681 1831 γὰρ
1724 1746 2131 1830 μεσημβρίας
2172 1737 2399 1807 εἰώθει
2428 1758 2474 1890 ῆι

487 1848 684 1913 τοῦτο
711 1848 981 1931 ποιεῖν),
1011 1842 1241 1932 λαβῶν
1265 1860 1715 1933 γραμματεῖον
1740 1843 1997 1913 τούτων
2037 1840 2121 1931 δὴ
2150 1846 2289 1910 τῶν
2328 1844 2400 1909 ἐκ

489 1947 778 2037 φιλύρας
806 1949 870 2027 ἐς
898 1947 1263 2037 λεπτότητα
1300 1946 1696 2037 ἠσκημένων
1736 1946 2087 2039 ἐπαλλήλῳ
2120 1971 2193 2014 τε
2230 1941 2398 2013 ἀνα·
2470 2002 2472 2007 .

487 2050 716 2119 κλάσει
743 2047 1232 2139 ἀμφοτέρωθεν
1258 2053 1729 2138 ἐπτυγμένων,
1770 2050 2014 2139 γράφει
2054 2046 2249 2127 ὅσους
2276 2045 2401 2135 χρὴ

425 2172 460 2222 2
489 2159 605 2242 τῆς
629 2150 872 2231 νυκτὸς
899 2158 1347 2243 φονευθῆναι.
1454 2181 1551 2222 ον
1576 2152 1804 2244 πρώτη
1833 2154 1959 2243 μὲν
1984 2144 2071 2241 ἦν
2096 2160 2399 2240 Μαρκία,
2470 2232 2472 2251 Ι

489 2261 756 2325 εἵποντο
797 2254 874 2323 δὲ
910 2254 1153 2335 Λαῖτός
1191 2282 1265 2323 τε
1302 2258 1413 2325 καὶ
1446 2254 1831 2342 ”Exi-auvos,
1875 2258 1983 2326 ἐπὶ
2026 2255 2103 2325 δὲ
2140 2252 2401 2333 τούτοις
2425 2272 2472 2317 ‘2⁰‘

487 2355 661 2428 πολὺ
687 2362 948 2445 πλῆθος
973 2362 1110 2427 τῶν
1133 2363 1250 2448 τῆς
1276 2359 1653 2448 συγκλήτου
1685 2359 2191 2451 πρωτευόντων.
2242 2354 2401 2437 τοὺς
2470 2412 2472 2421 .

485 2461 608 2550 μὲν
634 2457 760 2550 γὰρ
788 2464 1281 2552 πρεσβυτέρους
1308 2465 1420 2532 καὶ
1460 2461 1734 2544 λοιπούς
1772 2461 2121 2556 πατρῴους
2159 2468 2401 2549 φίλους
2470 2424 2473 2556 ἶ

485 2562 1080 2635 ἀποσκευάσασθαι
1125 2564 1377 2645 πάντας
1438 2564 1719 2655 ἤθελεν,
1774 2566 2169 2654 αἰδούμενος
2222 2570 2399 2651 ἔχειν
2466 2576 2470 2595 ⁴

485 2672 782 2757 αἰσχρῶν
819 2673 1036 2757 ἔργων
1074 2666 1361 2758 σεμνοὺς
1400 2670 1719 2751 ἐπόπτας·
1760 2676 1899 2740 τῶν
1939 2669 2015 2740 δὲ
2054 2676 2398 2739 πλουσίων

485 2770 604 2852 τὰς
639 2768 870 2852 οὐσίας
906 2778 1311 2861 χαρίσασθαι
1354 2774 1665 2861 ἐβούλετο
1706 2782 1971 2864 μερίσαι
2010 2800 2081 2842 τε
2132 2774 2211 2851 ἐς·
2236 2768 2392 2849 τούς
2422 2801 2461 2841 25

489 2873 890 2963 στρατιώτας
935 2877 1047 2943 καὶ
1097 2873 1254 2956 τοὺς
1296 2883 1869 2967 μονομαχοῦντας,
1922 2873 2079 2956 τούς
2119 2875 2243 2963 μὲν
2284 2879 2397 2944 ἵνα

380 3013 384 3025 ·
427 3002 464 3055 3
493 2978 896 3068 φυλάττοιεν
924 2973 1150 3065 αὐτόν,
1177 2977 1334 3059 τούς
1361 2978 1435 3049 δὲ
1460 2987 1573 3051 ἵνα
1597 2984 1925 3070 τέρποιεν.
2026 2978 2286 3070 γράψας
2317 2973 2396 3063 δὴ
2468 3066 2470 3071 ¹

487 3096 937 3173 γραμματεῖον
961 3087 1236 3169 τίθησιν
1265 3084 1373 3151 ἐπὶ
1397 3090 1519 3153 τοῦ
1544 3088 1942 3170 σκίμποδος,
1986 3083 2243 3171 οἰηθεὶς
2268 3110 2391 3169 μη·
2468 3116 2470 3121 ·

487 3188 653 3255 δένα
681 3187 894 3253 ἐκεῖσε
924 3185 1445 3255 εἰσελεύσεσθαι.
1502 3178 1587 3276 ἦν
1626 3186 1701 3255 δὲ
1742 3191 2013 3255 παιδίον
2056 3183 2235 3255 πάνυ
2272 3184 2391 3272 νή·
2466 3138 2471 3224 y

487 3314 648 3357 πιον
663 3337 682 3372 ,
709 3286 968 3357 τούτων
995 3285 1076 3377 δὴ
1103 3294 1243 3357 τῶν
1268 3294 1547 3377 γυμνῶν
1573 3288 1696 3376 μὲν
1736 3291 2013 3377 ἐσθῆτος
2051 3292 2278 3380 χρυσῷ
2320 3286 2391 3357 δὲ
2422 3314 2465 3355 ³⁰

487 3392 602 3457 καὶ
630 3397 850 3469 λίθοις
875 3398 1263 3480 πολυτίμοις
1282 3394 1815 3481 κεκοσμημένων,
1845 3388 1943 3472 οἷς
1968 3388 2072 3467 ἀεὶ
2090 3397 2394 3479 χαίρουσι

479 3488 818 3579 Ῥωμαίων
863 3497 932 3562 οί
977 3499 1383 3584 τρυφῶντες.
1478 3490 1877 3585 ὑπερηγάπα
1918 3495 1995 3565 δὲ
2043 3492 2395 3583 Κόμμοδος
