2475 3859
863 150 1169 208 TPITON
1874 149 1947 211 81

23 340 184 389 σαν.
253 317 296 409 ἡ
339 318 466 409 γὰρ
507 316 830 408 ἀπόβασις
875 322 988 389 καὶ
1030 315 1075 409 ἦ
1126 316 1291 412 τύχη
1338 323 1460 389 τοῦ
1500 321 1791 409 πολέμου
1838 320 1952 401 τὰς

25 424 376 513 ἑκατέρων
415 421 684 511 γνωμας
720 428 1004 513 ἔκρινεν.
1121 418 1529 513 ἀφικομένης
1566 424 1640 493 δὲ
1674 429 1789 512 τῆς
1828 431 1950 493 τοῦ
1978 445 2011 497 2

27 520 732 621 Σεεήρουζδυνάμεως
758 529 824 606 ἐς
851 524 974 615 τὴν
998 533 1291 596 Γαλλίαν
1330 526 1642 613 γεγόνασι
1685 527 1809 615 μέν
1845 554 1949 597 τι-

29 656 152 711 νες
183 626 658 720 ἀκροβολισμοὶ
692 625 852 698 καθ’
889 632 1080 719 ἕτερα
1119 635 1365 719 χωρία,
1407 624 1449 716 ἡ
1489 628 1563 698 δὲ
1604 636 1947 699 τελευταία

29 734 196 821 περὶ
227 732 690 821 Λούγδουνον,
720 731 1014 821 μεγάλην
1039 731 1237 802 πόλιν
1263 733 1376 801 καὶ
1415 729 1807 821 εὐδαίμονα,
1836 734 2049 802 §va-1⁰⁷

29 825 79 924 ᾖ
109 841 548 916 κατακλείσας
575 832 815 906 ἑαυτὸν
841 831 876 904 ὁ
913 831 1210 925 Ἀλβῖνος
1240 841 1463 923 ἔμενε,
1498 832 1617 905 τὸν
1644 835 1721 904 δὲ
1746 857 1949 923 στρα-

31 937 160 1008 τὸν
187 942 254 1021 ἐς
286 937 410 1026 τὴν
449 936 662 1027 μάχην
691 939 1028 1027 ἐξέπεμψε.
1099 940 1460 1026 γενομένης
1498 938 1574 1007 δὲ
1612 946 1951 1028 συμβολῆς

32 1048 364 1131 καρτερᾶς
391 1043 500 1111 ἐπὶ
537 1048 848 1111 πλεῖστον
885 1042 1008 1131 μὲν
1047 1040 1403 1132 ἰσόρροπος
1446 1046 1680 1129 ἔμενεν
1722 1043 1950 1111 ἑκατέ-

37 1172 188 1231 ροις
213 1152 328 1232 τῆς
353 1139 605 1234 νίκης
570 1172 612 1232 η
651 1144 834 1232 τύχη.
889 1145 1002 1214 καὶ
1030 1142 1157 1235 γὰρ
1183 1148 1252 1213 οἱ
1283 1144 1642 1232 Βρεττανοὶ
1669 1140 1947 1235 ἀνδρεία

0 1280 4 1307 ι
43 1275 115 1317 τε
159 1250 274 1317 καὶ
313 1255 514 1341 θυμῷ
559 1253 819 1339 φονικῷ
867 1242 1072 1317 οὐδὲν
1111 1252 1249 1316 τῶν
1287 1244 1631 1337 Ἰλλυριῶν
1672 1242 1944 1317 ἀπολεί-

39 1373 312 1421 πονται·
342 1358 673 1440 γενναίων
707 1340 835 1419 οὖν
865 1356 1166 1440 στρατῶν
1202 1351 1631 1439 μαχομένων,
1674 1345 1945 1420 οὐδετέ-

37 1481 184 1541 ρων
213 1443 483 1545 ραδία
440 1482 526 1541 ην
553 1449 594 1543 ἡ
621 1452 848 1541 τροπή.
955 1449 1044 1535 ὥς
1071 1454 1152 1522 δέ
1183 1481 1361 1534 τινες
1401 1459 1537 1523 τῶν
1575 1452 1719 1523 τότε
1765 1452 1945 1523 ίστό-
1976 1468 2012 1521 3

39 1576 292 1645 ρησαν,
321 1554 402 1625 οὐ
431 1554 595 1645 πρὸς
620 1555 816 1646 χάριν
849 1553 1016 1626 ἀλλά
1043 1553 1210 1646 πρὸς
1248 1553 1585 1645 ἀλήθειαν.
1617 1557 1944 1644 λέγοντες,

41 1660 220 1729 πολύ
245 1688 308 1729 τι
349 1656 712 1748 ὑπερέσχεν
754 1655 796 1748 ἡ
838 1658 1092 1748 φάλαγξ
1131 1666 1253 1729 τοῦ
1284 1656 1595 1747 Ἀλβίνου
1638 1664 1947 1747 στρατοῦ,

0 1758 207 1833 ικαθ’
273 1759 311 1831 ὃ
363 1764 559 1851 μέρος
603 1764 872 1831 τέτακτο
919 1757 962 1831 ὁ
1005 1767 1307 1850 Σευῆρος
1348 1764 1462 1832 καὶ
1504 1756 1541 1830 ὁ
1589 1760 1719 1831 σὺν
1765 1757 1947 1854 αὐτῷ

40 1866 349 1954 στρατός,
389 1861 478 1945 ὦς
503 1880 750 1955 φυγεῖν
775 1892 846 1935 τε
874 1860 1080 1934 αὐτὸν
1105 1866 1218 1935 καὶ
1246 1872 1365 1933 τοῦ
1394 1869 1600 1934 ἵππου
1620 1866 1943 1950 ἐκπεσεῖν,

41 1966 508 2058 ἀπορρίψαντα
548 1967 624 2038 δὲ
649 1965 771 2057 τὴν
795 1966 1099 2057 χλαμύδα
1134 1966 1257 2055 τὴν
1292 1962 1643 2056 βασιλικὴν
1683 1974 1942 2037 λαθεῖν.

43 2068 181 2159 ἤδη
208 2073 282 2141 δὲ
310 2070 694 2141 διωκόντων
720 2073 833 2140 καὶ
869 2070 1365 2154 παιωνιζόντων
1393 2097 1529 2139 των
1552 2075 1944 2160 Βρεττανῶν

45 2202 136 2255 ως
163 2172 248 2265 δὴ
281 2173 765 2263 νενικηκότων,
805 2177 1210 2263 ἐπιφανῆναι
1252 2182 1536 2260 Λαῖτον,
1576 2170 1945 2263 στρατηγὸν

0 2304 13 2344 ι
45 2305 207 2348 οντα
239 2279 582 2367 Σεεήρου,
610 2275 740 2347 σὺν
765 2305 856 2371 τω
896 2283 1152 2370 στρατῷ
1193 2266 1278 2347 οὗ
1316 2304 1549 2365 ηρχεν,
1590 2272 1837 2364 ἀκμῆτί
1873 2302 1944 2345 τε

43 2408 192 2449 οντι
215 2384 328 2451 καὶ
355 2385 478 2463 ἔξω
504 2379 709 2469 μάχης
743 2379 1064 2468 γεγονότι.
1169 2380 1602 2469 διαβάλλουσι
1630 2379 1706 2448 δὲ
1732 2376 1941 2449 αὐτὸν
1970 2395 2003 2446 4

46 2512 136 2564 ως
153 2483 699 2573 καραδοκήσαντα
716 2511 838 2572 την
865 2479 1194 2572 ἀπόβασιν
1212 2489 1327 2571 τῆς
1346 2481 1553 2571 μάχης
1578 2484 1740 2551 καὶ
1709 2482 1944 2551 εκόντα

45 2587 507 2677 βραδύναντα,
536 2585 654 2657 τὸν
690 2586 766 2657 δὲ
799 2581 922 2675 ὑφ’
956 2587 1168 2679 ἑαυτῷ
1197 2583 1495 2676 ,στρατὸν
1535 2580 1789 2675 ἀκμῆτα
1827 2613 1945 2671 τη-

47 2689 370 2779 ρήσαντα,
399 2687 522 2777 τὴν
548 2686 759 2780 ἀρχὴν
786 2689 998 2782 ἑαυτῷ
1027 2688 1410 2777 μνώμενον,
1440 2687 1586 2757 τότε
1615 2691 1945 2776 ἐπιφανῆ-

0 2829 14 2867 3
51 2822 160 2863 ναι
188 2789 297 2863 ὅτε
323 2799 533 2882 ἔμαθε
559 2790 678 2863 τὸν
713 2797 1019 2881 Σεεῆρον
1045 2790 1453 2861 πεπτωκότα.
1497 2797 1839 2860 πιστοῦται
1870 2787 1943 2857 δὲ

47 2896 168 2985 τὴν
212 2894 532 2986 διαβολὴν
587 2895 836 2985 ταύτην
890 2890 931 2983 ἡ
983 2892 1332 2983 ἀπόβασις·
1388 2889 1669 2981 ὕστερον
1722 2890 1850 2982 γὰρ
1906 2886 1942 2957 ὁ

47 3006 378 3090 Σεεῆρος,
435 2997 596 3087 μετὰ
635 2997 707 3069 τὸ
749 2998 964 3068 πάντα
1009 3002 1459 3086 κατορθωσαι
1481 2995 1592 3065 καὶ
1647 2995 1815 3065 εἶναι
1870 2996 1943 3063 ἐν

45 3100 388 3194 ἀμερίμνω
423 3109 574 3195 βίω,
616 3129 772 3183 τους
807 3101 932 3191 μὲν
975 3097 1217 3181 αλλους
1260 3098 1509 3180 πάντας
1540 3082 1946 3221 στρατηγους

49 3203 258 3275 αὑτοῦ
293 3205 591 3294 μεγάλως
625 3201 982 3329 ημείψατο,
1020 3202 1138 3273 τὸν
1178 3203 1254 3273 δε
1290 3208 1536 3272 Λαῖτον
1574 3200 1817 3291 μόνον,
1858 3226 1948 3279 ως

0 3338 20 3375 ο
56 3308 260 3395 εἰκός,
315 3307 808 3397 μνησικακήσας
856 3307 1265 3399 διεχρησατο.
1368 3301 1535 3375 ἀλλὰ
1576 3312 1782 3375 ταῦτα
1830 3301 1952 3392 μὲν
1984 3315 2015 3363 5

53 3409 333 3499 ὕστερον
383 3414 675 3499 ἐγένετο,
715 3411 862 3483 τότε
920 3408 983 3480 δ’
1029 3438 1190 3497 ουν,
1244 3438 1331 3491 ως
1382 3415 1799 3499 προείρηται,
1830 3409 1953 3476 τοῦ

52 3522 300 3587 Λαίτον
353 3518 788 3603 ἐπιφανέντος
835 3513 964 3585 σὺν
1009 3521 1228 3607 νεαρῷ
1278 3517 1534 3604 στρατῷ
1584 3516 1653 3583 οἱ
1684 3512 1806 3601 μεν
1841 3516 1962 3579 τοῦ

139 3648 491 3691 nnRomAn.
1637 3628 1673 3686 G
1794 3650 1807 3665 ·
