<?xml version="1.0" encoding="UTF-8"?>
<!DOCTYPE html PUBLIC "-//W3C//DTD XHTML 1.0 Transitional//EN"
    "http://www.w3.org/TR/xhtml1/DTD/xhtml1-transitional.dtd">
<html xmlns="http://www.w3.org/1999/xhtml" xml:lang="en" lang="en">
 <head>
  <title>
</title>
<meta http-equiv="Content-Type" content="text/html;charset=utf-8" />
  <meta name='ocr-system' content='tesseract 3.04.00' />
  <meta name='ocr-capabilities' content='ocr_page ocr_carea ocr_par ocr_line ocrx_word'/>
</head>
<body>
  <div class='ocr_page' id='page_1' title='image "./herodianiabexce00bekkgoog_0170.png"; bbox 0 0 2475 3859; ppageno 0'>
   <div class='ocr_carea' id='block_1_1' title="bbox 273 148 1522 224">
    <p class='ocr_par' dir='ltr' id='par_1_1' title="bbox 273 148 1522 224">
     <span class='ocr_line' id='line_1_1' title="bbox 273 148 1522 224; baseline 0.005 -10"><span class='ocrx_word' id='word_1_1' title='bbox 273 148 302 224; x_wconf 64' lang='lat'><strong><em>„¹</em></strong></span> <span class='ocrx_word' id='word_1_2' title='bbox 417 153 536 217; x_wconf 87' lang='lat'><strong><em>158</em></strong></span> <span class='ocrx_word' id='word_1_3' title='bbox 1235 159 1522 222; x_wconf 84' lang='grc' dir='ltr'><strong><em>ΕΚΤΟΝ</em></strong></span> 
     </span>
    </p>
   </div>
   <div class='ocr_carea' id='block_1_2' title="bbox 348 324 2377 1350">
    <p class='ocr_par' dir='ltr' id='par_1_2' title="bbox 411 324 2337 732">
     <span class='ocr_line' id='line_1_2' title="bbox 412 324 2337 423; baseline -0.001 -23"><span class='ocrx_word' id='word_1_4' title='bbox 412 334 528 400; x_wconf 79' lang='grc' dir='ltr'><strong><em>καὶ</em></strong></span> <span class='ocrx_word' id='word_1_5' title='bbox 567 329 726 413; x_wconf 83' lang='grc' dir='ltr'><strong><em>τούς</em></strong></span> <span class='ocrx_word' id='word_1_6' title='bbox 769 328 1150 421; x_wconf 78' lang='grc' dir='ltr'><strong><em>ἀρύσασθαι</em></strong></span> <span class='ocrx_word' id='word_1_7' title='bbox 1191 335 1516 412; x_wconf 75' lang='grc' dir='ltr'><strong><em>θέλοντας</em></strong></span> <span class='ocrx_word' id='word_1_8' title='bbox 1546 324 1653 420; x_wconf 63' lang='grc' dir='ltr'><strong><em>’μὴ</em></strong></span> <span class='ocrx_word' id='word_1_9' title='bbox 1690 328 1964 410; x_wconf 87' lang='grc' dir='ltr'><strong><em>κάλπεις</em></strong></span> <span class='ocrx_word' id='word_1_10' title='bbox 2002 326 2113 400; x_wconf 84' lang='grc' dir='ltr'><strong><em>ἐπ’</em></strong></span> <span class='ocrx_word' id='word_1_11' title='bbox 2150 327 2337 423; x_wconf 73' lang='grc' dir='ltr'><strong><em>αὐτῷ</em></strong></span> 
     </span>
     <span class='ocr_line' id='line_1_3' title="bbox 411 434 2331 524; baseline -0.001 -20"><span class='ocrx_word' id='word_1_12' title='bbox 411 435 582 524; x_wconf 75' lang='grc' dir='ltr'><strong><em>μηδὲ</em></strong></span> <span class='ocrx_word' id='word_1_13' title='bbox 619 444 811 505; x_wconf 76' lang='grc' dir='ltr'><strong><em>κοῖλα</em></strong></span> <span class='ocrx_word' id='word_1_14' title='bbox 849 434 1057 523; x_wconf 85' lang='grc' dir='ltr'><strong><em>σκεύη</em></strong></span> <span class='ocrx_word' id='word_1_15' title='bbox 1103 437 1371 524; x_wconf 80' lang='grc' dir='ltr'><strong><em>φέρειν,</em></strong></span> <span class='ocrx_word' id='word_1_16' title='bbox 1414 436 1712 515; x_wconf 82' lang='grc' dir='ltr'><strong><em>πελέκεις</em></strong></span> <span class='ocrx_word' id='word_1_17' title='bbox 1740 434 1814 504; x_wconf 76' lang='grc' dir='ltr'><strong><em>δὲ</em></strong></span> <span class='ocrx_word' id='word_1_18' title='bbox 1842 435 1958 502; x_wconf 79' lang='grc' dir='ltr'><strong><em>καὶ</em></strong></span> <span class='ocrx_word' id='word_1_19' title='bbox 1998 436 2331 521; x_wconf 79' lang='grc' dir='ltr'><em>δικέλλας,</em></span> 
     </span>
     <span class='ocr_line' id='line_1_4' title="bbox 413 533 2329 627; baseline -0.001 -20"><span class='ocrx_word' id='word_1_20' title='bbox 413 535 506 607; x_wconf 81' lang='grc' dir='ltr'><strong><em>ἵν’</em></strong></span> <span class='ocrx_word' id='word_1_21' title='bbox 539 538 941 621; x_wconf 79' lang='grc' dir='ltr'><strong><em>ἐκκόψαντες</em></strong></span> <span class='ocrx_word' id='word_1_22' title='bbox 968 539 1228 627; x_wconf 80' lang='grc' dir='ltr'><strong><em>γυμνόν</em></strong></span> <span class='ocrx_word' id='word_1_23' title='bbox 1254 567 1326 608; x_wconf 85' lang='grc' dir='ltr'><strong><em>τε</em></strong></span> <span class='ocrx_word' id='word_1_24' title='bbox 1352 538 1637 619; x_wconf 82' lang='grc' dir='ltr'><strong><em>σκεύους</em></strong></span> <span class='ocrx_word' id='word_1_25' title='bbox 1676 535 1996 627; x_wconf 82' lang='grc' dir='ltr'><strong><em>ἀράμενοι</em></strong></span> <span class='ocrx_word' id='word_1_26' title='bbox 2030 535 2109 606; x_wconf 86' lang='grc' dir='ltr'><strong><em>τὸ</em></strong></span> <span class='ocrx_word' id='word_1_27' title='bbox 2139 533 2329 625; x_wconf 74' lang='grc' dir='ltr'><strong><em>ὕδωρ</em></strong></span> 
     </span>
     <span class='ocr_line' id='line_1_5' title="bbox 415 638 1217 732; baseline -0.001 -22"><span class='ocrx_word' id='word_1_28' title='bbox 415 643 714 732; x_wconf 76' lang='grc' dir='ltr'><strong><em>φέρωσιν</em></strong></span> <span class='ocrx_word' id='word_1_29' title='bbox 743 638 966 730; x_wconf 79' lang='grc' dir='ltr'><strong><em>ῶσπερ</em></strong></span> <span class='ocrx_word' id='word_1_30' title='bbox 995 649 1217 711; x_wconf 88' lang='grc' dir='ltr'><strong><em>λίθον.</em></strong></span> 
     </span>
    </p>

    <p class='ocr_par' dir='ltr' id='par_1_3' title="bbox 348 737 2377 1350">
     <span class='ocr_line' id='line_1_6' title="bbox 348 737 2371 834; baseline -0.003 -17"><span class='ocrx_word' id='word_1_31' title='bbox 348 764 384 817; x_wconf 86' lang='grc'>8</span> <span class='ocrx_word' id='word_1_32' title='bbox 614 743 818 834; x_wconf 84' lang='grc' dir='ltr'><strong><em>φύσις</em></strong></span> <span class='ocrx_word' id='word_1_33' title='bbox 847 743 970 832; x_wconf 76' lang='grc' dir='ltr'><strong><em>μὲν</em></strong></span> <span class='ocrx_word' id='word_1_34' title='bbox 997 743 1078 834; x_wconf 82' lang='grc' dir='ltr'><strong><em>δὴ</em></strong></span> <span class='ocrx_word' id='word_1_35' title='bbox 1107 751 1243 814; x_wconf 84' lang='grc' dir='ltr'><strong><em>τῶν</em></strong></span> <span class='ocrx_word' id='word_1_36' title='bbox 1270 747 1585 830; x_wconf 75' lang='grc' dir='ltr'><strong><em>ποταμῶν</em></strong></span> <span class='ocrx_word' id='word_1_37' title='bbox 1602 737 1803 829; x_wconf 76' lang='grc' dir='ltr'><strong><em>αὕτη·</em></strong></span> <span class='ocrx_word' id='word_1_38' title='bbox 1845 737 1881 810; x_wconf 80' lang='grc' dir='ltr'><em>ὅ</em></span> <span class='ocrx_word' id='word_1_39' title='bbox 1911 742 1987 812; x_wconf 72' lang='grc' dir='ltr'><strong><em>δὲ</em></strong></span> <span class='ocrx_word' id='word_1_40' title='bbox 2018 739 2324 825; x_wconf 81' lang='grc' dir='ltr'><strong><em>Ἀλέξαν-</em></strong></span> <span class='ocrx_word' id='word_1_41' title='bbox 2350 757 2371 798; x_wconf 81' lang='lat'><strong>⁵</strong></span> 
     </span>
     <span class='ocr_line' id='line_1_7' title="bbox 411 843 2325 937; baseline -0.003 -20"><span class='ocrx_word' id='word_1_42' title='bbox 411 853 570 937; x_wconf 91' lang='grc' dir='ltr'><strong><em>δρος</em></strong></span> <span class='ocrx_word' id='word_1_43' title='bbox 597 853 1086 937; x_wconf 88' lang='grc' dir='ltr'><strong><em>Μαυρουσίους</em></strong></span> <span class='ocrx_word' id='word_1_44' title='bbox 1111 875 1182 916; x_wconf 88' lang='grc' dir='ltr'><strong><em>τε</em></strong></span> <span class='ocrx_word' id='word_1_45' title='bbox 1209 853 1560 926; x_wconf 83' lang='grc' dir='ltr'><strong><em>πλείστους</em></strong></span> <span class='ocrx_word' id='word_1_46' title='bbox 1586 845 1698 913; x_wconf 89' lang='grc' dir='ltr'><strong><em>καὶ</em></strong></span> <span class='ocrx_word' id='word_1_47' title='bbox 1716 847 1999 928; x_wconf 80' lang='grc' dir='ltr'><strong><em>τοξοτῶν</em></strong></span> <span class='ocrx_word' id='word_1_48' title='bbox 2029 843 2325 934; x_wconf 79' lang='grc' dir='ltr'><strong><em>ἀριθμὸν</em></strong></span> 
     </span>
     <span class='ocr_line' id='line_1_8' title="bbox 409 945 2323 1039; baseline -0.001 -19"><span class='ocrx_word' id='word_1_49' title='bbox 409 948 628 1020; x_wconf 74' lang='grc' dir='ltr'><strong><em>πολὺν</em></strong></span> <span class='ocrx_word' id='word_1_50' title='bbox 655 947 1125 1037; x_wconf 79' lang='grc' dir='ltr'><strong><em>ἐπαγόμενος’</em></strong></span> <span class='ocrx_word' id='word_1_51' title='bbox 1089 947 1216 1020; x_wconf 87' lang='grc' dir='ltr'><strong><em>απὸ</em></strong></span> <span class='ocrx_word' id='word_1_52' title='bbox 1237 956 1352 1038; x_wconf 81' lang='grc' dir='ltr'><strong><em>τῆς</em></strong></span> <span class='ocrx_word' id='word_1_53' title='bbox 1382 945 1703 1035; x_wconf 84' lang='grc' dir='ltr'><strong><em>ἀνατολῆς</em></strong></span> <span class='ocrx_word' id='word_1_54' title='bbox 1724 954 1796 1017; x_wconf 79' lang='grc' dir='ltr'><strong><em>ἔκ</em></strong></span> <span class='ocrx_word' id='word_1_55' title='bbox 1816 975 1887 1016; x_wconf 87' lang='grc' dir='ltr'><strong><em>τε</em></strong></span> <span class='ocrx_word' id='word_1_56' title='bbox 1904 955 2021 1036; x_wconf 81' lang='grc' dir='ltr'><strong><em>τῆς</em></strong></span> <span class='ocrx_word' id='word_1_57' title='bbox 2044 945 2323 1039; x_wconf 86' lang='grc' dir='ltr'><strong><em>Ὀσροη-</em></strong></span> 
     </span>
     <span class='ocr_line' id='line_1_9' title="bbox 407 1047 2325 1179; baseline -0.002 -56"><span class='ocrx_word' id='word_1_58' title='bbox 407 1060 550 1124; x_wconf 91' lang='grc' dir='ltr'><strong><em>νῶν</em></strong></span> <span class='ocrx_word' id='word_1_59' title='bbox 574 1052 808 1179; x_wconf 73' lang='grc' dir='ltr'><strong><em>χώρας,</em></strong></span> <span class='ocrx_word' id='word_1_60' title='bbox 829 1055 941 1122; x_wconf 80' lang='grc' dir='ltr'><strong><em>καὶ</em></strong></span> <span class='ocrx_word' id='word_1_61' title='bbox 970 1064 1038 1123; x_wconf 74' lang='grc' dir='ltr'><strong><em>εἴ</em></strong></span> <span class='ocrx_word' id='word_1_62' title='bbox 1057 1081 1232 1134; x_wconf 88' lang='grc' dir='ltr'><strong><em>τινες</em></strong></span> <span class='ocrx_word' id='word_1_63' title='bbox 1258 1057 1682 1140; x_wconf 75' lang='grc' dir='ltr'><strong><em>Παρθυαίων</em></strong></span> <span class='ocrx_word' id='word_1_64' title='bbox 1710 1047 2063 1139; x_wconf 82' lang='grc' dir='ltr'><strong><em>αὐτόμολοι</em></strong></span> <span class='ocrx_word' id='word_1_65' title='bbox 2092 1047 2143 1139; x_wconf 76' lang='grc' dir='ltr'><em>ἢ</em></span> <span class='ocrx_word' id='word_1_66' title='bbox 2168 1051 2325 1139; x_wconf 90' lang='grc' dir='ltr'><strong><em>χρή-</em></strong></span> 
     </span>
     <span class='ocr_line' id='line_1_10' title="bbox 410 1151 2321 1247; baseline -0.002 -21"><span class='ocrx_word' id='word_1_67' title='bbox 410 1179 612 1247; x_wconf 85' lang='grc' dir='ltr'><strong><em>μασιν</em></strong></span> <span class='ocrx_word' id='word_1_68' title='bbox 667 1153 1187 1237; x_wconf 76' lang='grc' dir='ltr'><strong><em>ἀναπεισθέντες</em></strong></span> <span class='ocrx_word' id='word_1_69' title='bbox 1233 1153 1787 1244; x_wconf 83' lang='grc' dir='ltr'><strong><em>ήκολουθήκεσαν</em></strong></span> <span class='ocrx_word' id='word_1_70' title='bbox 1832 1151 2013 1247; x_wconf 78' lang='grc' dir='ltr'><strong><em>αυτῷ</em></strong></span> <span class='ocrx_word' id='word_1_71' title='bbox 2060 1152 2321 1243; x_wconf 85' lang='grc' dir='ltr'><strong><em>βοηθή-</em></strong></span> 
     </span>
     <span class='ocr_line' id='line_1_11' title="bbox 410 1253 2377 1350; baseline -0.004 -20"><span class='ocrx_word' id='word_1_72' title='bbox 410 1281 670 1346; x_wconf 81' lang='grc' dir='ltr'><strong><em>σοντες,</em></strong></span> <span class='ocrx_word' id='word_1_73' title='bbox 717 1259 989 1350; x_wconf 80' lang='grc' dir='ltr'><strong><em>ἐξήρτυε</em></strong></span> <span class='ocrx_word' id='word_1_74' title='bbox 1033 1258 1116 1348; x_wconf 83' lang='grc' dir='ltr'><strong><em>δὴ</em></strong></span> <span class='ocrx_word' id='word_1_75' title='bbox 1161 1267 1529 1347; x_wconf 85' lang='grc' dir='ltr'><strong><em>Γερμανοῖς</em></strong></span> <span class='ocrx_word' id='word_1_76' title='bbox 1578 1253 1959 1340; x_wconf 82' lang='grc' dir='ltr'><strong><em>άντιτάξων.</em></strong></span> <span class='ocrx_word' id='word_1_77' title='bbox 2039 1257 2318 1346; x_wconf 87' lang='grc' dir='ltr'><strong><em>μάλιστα</em></strong></span> <span class='ocrx_word' id='word_1_78' title='bbox 2344 1282 2377 1320; x_wconf 77' lang='lat'><strong><em>1⁰</em></strong></span> 
     </span>
    </p>
   </div>
   <div class='ocr_carea' id='block_1_3' title="bbox 409 1358 2413 1453">
    <p class='ocr_par' dir='ltr' id='par_1_4' title="bbox 409 1358 2413 1453">
     <span class='ocr_line' id='line_1_12' title="bbox 409 1358 2413 1453; baseline -0.001 -22"><span class='ocrx_word' id='word_1_79' title='bbox 409 1361 536 1452; x_wconf 73' lang='grc' dir='ltr'><strong><em>γὰρ</em></strong></span> <span class='ocrx_word' id='word_1_80' title='bbox 565 1369 868 1442; x_wconf 85' lang='grc' dir='ltr'><strong><em>τοιοῦτος</em></strong></span> <span class='ocrx_word' id='word_1_81' title='bbox 893 1361 1169 1453; x_wconf 83' lang='grc' dir='ltr'><strong><em>στρατὸς</em></strong></span> <span class='ocrx_word' id='word_1_82' title='bbox 1207 1358 1487 1450; x_wconf 80' lang='grc' dir='ltr'><strong><em>ὀχληρὸς</em></strong></span> <span class='ocrx_word' id='word_1_83' title='bbox 1531 1362 1813 1441; x_wconf 82' lang='grc' dir='ltr'><strong><em>ἐκείνοις</em></strong></span> <span class='ocrx_word' id='word_1_84' title='bbox 1852 1369 2142 1449; x_wconf 76' lang='grc' dir='ltr'><strong><em>γίνεται,</em></strong></span> <span class='ocrx_word' id='word_1_85' title='bbox 2189 1368 2315 1430; x_wconf 89' lang='grc' dir='ltr'><strong><em>τῶν</em></strong></span> <span class='ocrx_word' id='word_1_86' title='bbox 2408 1435 2413 1450; x_wconf 24' lang='grc' dir='ltr'>ι</span> 
     </span>
    </p>
   </div>
   <div class='ocr_carea' id='block_1_4' title="bbox 343 1459 2373 2280">
    <p class='ocr_par' dir='ltr' id='par_1_5' title="bbox 401 1459 2373 2071">
     <span class='ocr_line' id='line_1_13' title="bbox 406 1459 2313 1556; baseline -0.002 -21"><span class='ocrx_word' id='word_1_87' title='bbox 406 1493 480 1535; x_wconf 90' lang='grc' dir='ltr'><strong><em>τε</em></strong></span> <span class='ocrx_word' id='word_1_88' title='bbox 496 1473 964 1555; x_wconf 85' lang='grc' dir='ltr'><strong><em>Μαυρουσίων</em></strong></span> <span class='ocrx_word' id='word_1_89' title='bbox 989 1466 1350 1556; x_wconf 88' lang='grc' dir='ltr'><strong><em>πόρρωθεν</em></strong></span> <span class='ocrx_word' id='word_1_90' title='bbox 1379 1459 1859 1547; x_wconf 76' lang='grc' dir='ltr'><strong><em>ἀκοντιζόντων</em></strong></span> <span class='ocrx_word' id='word_1_91' title='bbox 1887 1467 2000 1534; x_wconf 82' lang='grc' dir='ltr'><strong><em>καὶ</em></strong></span> <span class='ocrx_word' id='word_1_92' title='bbox 2028 1461 2148 1544; x_wconf 79' lang='grc' dir='ltr'><strong><em>τάς</em></strong></span> <span class='ocrx_word' id='word_1_93' title='bbox 2178 1468 2313 1533; x_wconf 85' lang='grc' dir='ltr'><strong><em>ἐπι-</em></strong></span> 
     </span>
     <span class='ocr_line' id='line_1_14' title="bbox 407 1565 2313 1659; baseline -0.001 -23"><span class='ocrx_word' id='word_1_94' title='bbox 407 1565 656 1658; x_wconf 78' lang='grc' dir='ltr'><strong><em>δρομὰς</em></strong></span> <span class='ocrx_word' id='word_1_95' title='bbox 681 1565 798 1648; x_wconf 89' lang='grc' dir='ltr'><strong><em>τάς</em></strong></span> <span class='ocrx_word' id='word_1_96' title='bbox 824 1596 894 1638; x_wconf 89' lang='grc' dir='ltr'><strong><em>τε</em></strong></span> <span class='ocrx_word' id='word_1_97' title='bbox 921 1565 1369 1659; x_wconf 77' lang='grc' dir='ltr'><strong><em>ἀναχωρήσεις</em></strong></span> <span class='ocrx_word' id='word_1_98' title='bbox 1400 1565 1677 1654; x_wconf 74' lang='grc' dir='ltr'><strong><em>κούφως</em></strong></span> <span class='ocrx_word' id='word_1_99' title='bbox 1711 1570 2156 1656; x_wconf 80' lang='grc' dir='ltr'><strong><em>ποιουμένων,</em></strong></span> <span class='ocrx_word' id='word_1_100' title='bbox 2186 1573 2313 1636; x_wconf 89' lang='grc' dir='ltr'><strong><em>τῶν</em></strong></span> 
     </span>
     <span class='ocr_line' id='line_1_15' title="bbox 405 1665 2311 1760; baseline -0.003 -18"><span class='ocrx_word' id='word_1_101' title='bbox 405 1699 478 1742; x_wconf 88' lang='grc' dir='ltr'><strong><em>τε</em></strong></span> <span class='ocrx_word' id='word_1_102' title='bbox 505 1675 790 1754; x_wconf 80' lang='grc' dir='ltr'><strong><em>τοξοτῶν</em></strong></span> <span class='ocrx_word' id='word_1_103' title='bbox 818 1675 884 1753; x_wconf 78' lang='grc' dir='ltr'><strong><em>ἐς</em></strong></span> <span class='ocrx_word' id='word_1_104' title='bbox 911 1671 1167 1760; x_wconf 75' lang='grc' dir='ltr'><strong><em>γυμνὰς</em></strong></span> <span class='ocrx_word' id='word_1_105' title='bbox 1192 1670 1309 1752; x_wconf 79' lang='grc' dir='ltr'><strong><em>τὰς</em></strong></span> <span class='ocrx_word' id='word_1_106' title='bbox 1337 1668 1631 1759; x_wconf 78' lang='grc' dir='ltr'><strong><em>κεφαλάς</em></strong></span> <span class='ocrx_word' id='word_1_107' title='bbox 1656 1665 1883 1739; x_wconf 77' lang='grc' dir='ltr'><strong><em>αὐτῶν</em></strong></span> <span class='ocrx_word' id='word_1_108' title='bbox 1906 1673 2019 1739; x_wconf 80' lang='grc' dir='ltr'><strong><em>καὶ</em></strong></span> <span class='ocrx_word' id='word_1_109' title='bbox 2047 1671 2311 1759; x_wconf 80' lang='grc' dir='ltr'><strong><em>σῶματα</em></strong></span> 
     </span>
     <span class='ocr_line' id='line_1_16' title="bbox 405 1770 2373 1866; baseline -0.002 -21"><span class='ocrx_word' id='word_1_110' title='bbox 405 1774 688 1863; x_wconf 81' lang='grc' dir='ltr'><strong><em>ἐπιμήκη</em></strong></span> <span class='ocrx_word' id='word_1_111' title='bbox 717 1779 924 1866; x_wconf 80' lang='grc' dir='ltr'><strong><em>ῥᾷστα</em></strong></span> <span class='ocrx_word' id='word_1_112' title='bbox 949 1777 1061 1844; x_wconf 80' lang='grc' dir='ltr'><strong><em>καὶ</em></strong></span> <span class='ocrx_word' id='word_1_113' title='bbox 1101 1775 1465 1863; x_wconf 89' lang='grc' dir='ltr'><strong><em>πόρρωθεν</em></strong></span> <span class='ocrx_word' id='word_1_114' title='bbox 1502 1770 1668 1842; x_wconf 80' lang='grc' dir='ltr'><strong><em>κατὰ</em></strong></span> <span class='ocrx_word' id='word_1_115' title='bbox 1713 1780 1967 1842; x_wconf 84' lang='grc' dir='ltr'><strong><em>σκοποῦ</em></strong></span> <span class='ocrx_word' id='word_1_116' title='bbox 2000 1773 2307 1856; x_wconf 81' lang='grc' dir='ltr'><strong><em>τοξευόν-</em></strong></span> <span class='ocrx_word' id='word_1_117' title='bbox 2338 1786 2373 1828; x_wconf 79' lang='lat'><strong><em>¹5</em></strong></span> 
     </span>
     <span class='ocr_line' id='line_1_17' title="bbox 401 1874 2309 1968; baseline -0.001 -20"><span class='ocrx_word' id='word_1_118' title='bbox 401 1905 539 1948; x_wconf 88' lang='grc' dir='ltr'><strong><em>των</em></strong></span> <span class='ocrx_word' id='word_1_119' title='bbox 567 1934 580 1948; x_wconf 95' lang='grc'><strong>.</strong></span> <span class='ocrx_word' id='word_1_120' title='bbox 611 1935 625 1948; x_wconf 92' lang='grc'><strong>.</strong></span> <span class='ocrx_word' id='word_1_121' title='bbox 656 1929 672 1945; x_wconf 92' lang='grc'><strong>.</strong></span> <span class='ocrx_word' id='word_1_122' title='bbox 703 1878 988 1948; x_wconf 84' lang='grc' dir='ltr'><strong><em>ἐπέθεόν</em></strong></span> <span class='ocrx_word' id='word_1_123' title='bbox 1013 1906 1086 1948; x_wconf 92' lang='grc' dir='ltr'><strong><em>τε</em></strong></span> <span class='ocrx_word' id='word_1_124' title='bbox 1113 1877 1279 1968; x_wconf 87' lang='grc' dir='ltr'><strong><em>πρὸς</em></strong></span> <span class='ocrx_word' id='word_1_125' title='bbox 1297 1876 1417 1965; x_wconf 84' lang='grc' dir='ltr'><strong><em>τὴν</em></strong></span> <span class='ocrx_word' id='word_1_126' title='bbox 1440 1875 1777 1963; x_wconf 78' lang='grc' dir='ltr'><strong><em>συστάδην</em></strong></span> <span class='ocrx_word' id='word_1_127' title='bbox 1802 1876 2015 1964; x_wconf 89' lang='grc' dir='ltr'><strong><em>μάχην</em></strong></span> <span class='ocrx_word' id='word_1_128' title='bbox 2043 1874 2309 1946; x_wconf 79' lang='grc' dir='ltr'><strong><em>ἀντιτυ-</em></strong></span> 
     </span>
     <span class='ocr_line' id='line_1_18' title="bbox 403 1976 2161 2071; baseline -0.002 -20"><span class='ocrx_word' id='word_1_129' title='bbox 403 1995 581 2070; x_wconf 75' lang='grc' dir='ltr'><strong><em>πεῖς,</em></strong></span> <span class='ocrx_word' id='word_1_130' title='bbox 609 1983 723 2051; x_wconf 88' lang='grc' dir='ltr'><strong><em>καὶ</em></strong></span> <span class='ocrx_word' id='word_1_131' title='bbox 753 1981 1096 2071; x_wconf 83' lang='grc' dir='ltr'><strong><em>ἰσόρροποι</em></strong></span> <span class='ocrx_word' id='word_1_132' title='bbox 1127 1981 1441 2062; x_wconf 81' lang='grc' dir='ltr'><strong><em>πολλάκις</em></strong></span> <span class='ocrx_word' id='word_1_133' title='bbox 1466 1976 1805 2066; x_wconf 88' lang='grc' dir='ltr'><strong><em>Ῥωμαίοις</em></strong></span> <span class='ocrx_word' id='word_1_134' title='bbox 1830 1983 2161 2068; x_wconf 76' lang='grc' dir='ltr'><strong><em>ἐγένοντο.</em></strong></span> 
     </span>
    </p>

    <p class='ocr_par' dir='ltr' id='par_1_6' title="bbox 343 2073 2307 2280">
     <span class='ocr_line' id='line_1_19' title="bbox 343 2073 2307 2182; baseline -0.003 -26"><span class='ocrx_word' id='word_1_135' title='bbox 343 2102 378 2156; x_wconf 86' lang='grc'><strong>9</strong></span> <span class='ocrx_word' id='word_1_136' title='bbox 604 2081 1030 2173; x_wconf 77' lang='grc' dir='ltr'><strong><em>Ἀλέξανδρος</em></strong></span> <span class='ocrx_word' id='word_1_137' title='bbox 1056 2083 1179 2182; x_wconf 72' lang='grc' dir='ltr'><strong><em>μὲν</em></strong></span> <span class='ocrx_word' id='word_1_138' title='bbox 1207 2088 1281 2154; x_wconf 86' lang='grc' dir='ltr'><strong><em>ἐν</em></strong></span> <span class='ocrx_word' id='word_1_139' title='bbox 1298 2083 1559 2162; x_wconf 85' lang='grc' dir='ltr'><strong><em>τούτοις</em></strong></span> <span class='ocrx_word' id='word_1_140' title='bbox 1578 2073 1691 2170; x_wconf 84' lang='grc' dir='ltr'><strong><em>ἦν·</em></strong></span> <span class='ocrx_word' id='word_1_141' title='bbox 1726 2080 1901 2170; x_wconf 82' lang='grc' dir='ltr'><strong><em>πλὴν</em></strong></span> <span class='ocrx_word' id='word_1_142' title='bbox 1929 2086 2155 2165; x_wconf 79' lang='grc' dir='ltr'><strong><em>ἔδοξεν</em></strong></span> <span class='ocrx_word' id='word_1_143' title='bbox 2184 2079 2307 2152; x_wconf 83' lang='grc' dir='ltr'><strong><em>αύ-</em></strong></span> 
     </span>
     <span class='ocr_line' id='line_1_20' title="bbox 398 2183 2305 2280; baseline -0.001 -24"><span class='ocrx_word' id='word_1_144' title='bbox 398 2193 492 2280; x_wconf 74' lang='grc' dir='ltr'><strong><em>τῷ</em></strong></span> <span class='ocrx_word' id='word_1_145' title='bbox 521 2195 883 2276; x_wconf 83' lang='grc' dir='ltr'><strong><em>πρεσβείαν</em></strong></span> <span class='ocrx_word' id='word_1_146' title='bbox 924 2190 1178 2276; x_wconf 85' lang='grc' dir='ltr'><strong><em>πέμψαι</em></strong></span> <span class='ocrx_word' id='word_1_147' title='bbox 1218 2186 1385 2278; x_wconf 89' lang='grc' dir='ltr'><strong><em>πρὸς</em></strong></span> <span class='ocrx_word' id='word_1_148' title='bbox 1418 2183 1665 2266; x_wconf 77' lang='grc' dir='ltr'><strong><em>αὐτοὺς</em></strong></span> <span class='ocrx_word' id='word_1_149' title='bbox 1702 2186 1817 2254; x_wconf 78' lang='grc' dir='ltr'><strong><em>καὶ</em></strong></span> <span class='ocrx_word' id='word_1_150' title='bbox 1853 2187 2007 2275; x_wconf 88' lang='grc' dir='ltr'><strong><em>περὶ</em></strong></span> <span class='ocrx_word' id='word_1_151' title='bbox 2042 2186 2305 2274; x_wconf 81' lang='grc' dir='ltr'><strong><em>εἰρήνης</em></strong></span> 
     </span>
    </p>
   </div>
   <div class='ocr_carea' id='block_1_5' title="bbox 2406 1181 2418 2256">
    <p class='ocr_par' dir='ltr' id='par_1_7' title="bbox 2406 1181 2418 2256">
     <span class='ocr_line' id='line_1_21' title="bbox 2406 1181 2418 2256; baseline 0 0"><span class='ocrx_word' id='word_1_152' title='bbox 2406 1181 2418 2256; x_wconf 95' lang='lat' dir='ltr'><strong><em> </em></strong></span> 
     </span>
    </p>
   </div>
   <div class='ocr_carea' id='block_1_6' title="bbox 377 2285 2413 2484">
    <p class='ocr_par' dir='ltr' id='par_1_8' title="bbox 377 2285 2413 2484">
     <span class='ocr_line' id='line_1_22' title="bbox 377 2285 2413 2382; baseline -0.001 -22"><span class='ocrx_word' id='word_1_153' title='bbox 377 2291 850 2378; x_wconf 79' lang='grc' dir='ltr'><strong><em>διαλέγεσθαι.</em></strong></span> <span class='ocrx_word' id='word_1_154' title='bbox 939 2291 1154 2360; x_wconf 89' lang='grc' dir='ltr'><strong><em>πάντα</em></strong></span> <span class='ocrx_word' id='word_1_155' title='bbox 1207 2317 1279 2359; x_wconf 92' lang='grc' dir='ltr'><strong><em>τε</em></strong></span> <span class='ocrx_word' id='word_1_156' title='bbox 1333 2287 1711 2377; x_wconf 76' lang='grc' dir='ltr'><strong><em>ὑπισχνεῖτο</em></strong></span> <span class='ocrx_word' id='word_1_157' title='bbox 1764 2291 2073 2382; x_wconf 82' lang='grc' dir='ltr'><strong><em>παρέξειν</em></strong></span> <span class='ocrx_word' id='word_1_158' title='bbox 2124 2285 2299 2358; x_wconf 79' lang='grc' dir='ltr'><strong><em>ὅσων</em></strong></span> <span class='ocrx_word' id='word_1_159' title='bbox 2326 2309 2369 2349; x_wconf 74' lang='lat'><strong><em>2⁰</em></strong></span> <span class='ocrx_word' id='word_1_160' title='bbox 2408 2293 2413 2358; x_wconf 60' lang='grc' dir='ltr'>Τ</span> 
     </span>
     <span class='ocr_line' id='line_1_23' title="bbox 400 2390 2297 2484; baseline 0 -22"><span class='ocrx_word' id='word_1_161' title='bbox 400 2395 697 2480; x_wconf 80' lang='grc' dir='ltr'><strong><em>δέονται,</em></strong></span> <span class='ocrx_word' id='word_1_162' title='bbox 735 2394 849 2462; x_wconf 86' lang='grc' dir='ltr'><strong><em>καὶ</em></strong></span> <span class='ocrx_word' id='word_1_163' title='bbox 885 2394 1241 2482; x_wconf 86' lang='grc' dir='ltr'><strong><em>χρημάτων</em></strong></span> <span class='ocrx_word' id='word_1_164' title='bbox 1298 2390 1593 2481; x_wconf 81' lang='grc' dir='ltr'><strong><em>ἀφειδῶς</em></strong></span> <span class='ocrx_word' id='word_1_165' title='bbox 1646 2397 1841 2477; x_wconf 82' lang='grc' dir='ltr'><strong><em>ἔχειν.</em></strong></span> <span class='ocrx_word' id='word_1_166' title='bbox 1921 2391 2135 2484; x_wconf 75' lang='grc' dir='ltr'><strong><em>τούτῳ</em></strong></span> <span class='ocrx_word' id='word_1_167' title='bbox 2176 2390 2297 2481; x_wconf 77' lang='grc' dir='ltr'><strong><em>γὰρ</em></strong></span> 
     </span>
    </p>
   </div>
   <div class='ocr_carea' id='block_1_7' title="bbox 397 2491 2300 2585">
    <p class='ocr_par' dir='ltr' id='par_1_9' title="bbox 397 2491 2300 2585">
     <span class='ocr_line' id='line_1_24' title="bbox 397 2491 2300 2585; baseline 0.001 -22"><span class='ocrx_word' id='word_1_168' title='bbox 397 2494 682 2585; x_wconf 87' lang='grc' dir='ltr'><strong><em>μάλιστα</em></strong></span> <span class='ocrx_word' id='word_1_169' title='bbox 733 2498 1069 2584; x_wconf 81' lang='grc' dir='ltr'><strong><em>Γερμανοὶ</em></strong></span> <span class='ocrx_word' id='word_1_170' title='bbox 1107 2504 1490 2583; x_wconf 83' lang='grc' dir='ltr'><strong><em>πείθονται,</em></strong></span> <span class='ocrx_word' id='word_1_171' title='bbox 1541 2493 1954 2584; x_wconf 79' lang='grc' dir='ltr'><strong><em>φιλάργυροί</em></strong></span> <span class='ocrx_word' id='word_1_172' title='bbox 2000 2523 2071 2564; x_wconf 88' lang='grc' dir='ltr'><strong><em>τε</em></strong></span> <span class='ocrx_word' id='word_1_173' title='bbox 2116 2491 2300 2574; x_wconf 77' lang='grc' dir='ltr'><strong><em>ὄντες</em></strong></span> 
     </span>
    </p>
   </div>
   <div class='ocr_carea' id='block_1_8' title="bbox 297 2591 2367 3648">
    <p class='ocr_par' dir='ltr' id='par_1_10' title="bbox 395 2591 2367 2896">
     <span class='ocr_line' id='line_1_25' title="bbox 397 2591 2297 2688; baseline -0.001 -20"><span class='ocrx_word' id='word_1_174' title='bbox 397 2600 512 2668; x_wconf 80' lang='grc' dir='ltr'><strong><em>καὶ</em></strong></span> <span class='ocrx_word' id='word_1_175' title='bbox 553 2595 676 2686; x_wconf 79' lang='grc' dir='ltr'><strong><em>τὴν</em></strong></span> <span class='ocrx_word' id='word_1_176' title='bbox 715 2599 990 2687; x_wconf 82' lang='grc' dir='ltr'><strong><em>εἰρήνην</em></strong></span> <span class='ocrx_word' id='word_1_177' title='bbox 1029 2596 1134 2668; x_wconf 78' lang='grc' dir='ltr'><strong><em>ἀεὶ</em></strong></span> <span class='ocrx_word' id='word_1_178' title='bbox 1172 2591 1338 2688; x_wconf 80' lang='grc' dir='ltr'><strong><em>πρὸς</em></strong></span> <span class='ocrx_word' id='word_1_179' title='bbox 1366 2595 1724 2686; x_wconf 87' lang='grc' dir='ltr'><strong><em>Ῥωμαίους</em></strong></span> <span class='ocrx_word' id='word_1_180' title='bbox 1762 2605 2044 2686; x_wconf 85' lang='grc' dir='ltr'><strong><em>χρυσίου</em></strong></span> <span class='ocrx_word' id='word_1_181' title='bbox 2087 2623 2297 2686; x_wconf 86' lang='grc' dir='ltr'><strong><em>καπη-</em></strong></span> 
     </span>
     <span class='ocr_line' id='line_1_26' title="bbox 397 2697 2295 2792; baseline -0.001 -22"><span class='ocrx_word' id='word_1_182' title='bbox 397 2701 739 2782; x_wconf 84' lang='grc' dir='ltr'><strong><em>λεύοντες·</em></strong></span> <span class='ocrx_word' id='word_1_183' title='bbox 788 2699 956 2771; x_wconf 81' lang='grc' dir='ltr'><strong><em>ὅθεν</em></strong></span> <span class='ocrx_word' id='word_1_184' title='bbox 1006 2699 1042 2772; x_wconf 81' lang='grc' dir='ltr'>ὁ</span> <span class='ocrx_word' id='word_1_185' title='bbox 1075 2697 1500 2792; x_wconf 80' lang='grc' dir='ltr'><strong><em>Ἀλέξανδρος</em></strong></span> <span class='ocrx_word' id='word_1_186' title='bbox 1552 2705 1858 2788; x_wconf 79' lang='grc' dir='ltr'><strong><em>ἐπειρᾶτο</em></strong></span> <span class='ocrx_word' id='word_1_187' title='bbox 1912 2699 2295 2789; x_wconf 74' lang='grc' dir='ltr'><strong><em>ὠνήσασθαι</em></strong></span> 
     </span>
     <span class='ocr_line' id='line_1_27' title="bbox 395 2797 2367 2896; baseline -0.004 -20"><span class='ocrx_word' id='word_1_188' title='bbox 395 2812 650 2893; x_wconf 78' lang='grc' dir='ltr'><strong><em>μᾶλλον</em></strong></span> <span class='ocrx_word' id='word_1_189' title='bbox 676 2797 790 2886; x_wconf 70' lang='grc' dir='ltr'><strong><em>τὰς</em></strong></span> <span class='ocrx_word' id='word_1_190' title='bbox 816 2804 982 2896; x_wconf 83' lang='grc' dir='ltr'><strong><em>πρὸς</em></strong></span> <span class='ocrx_word' id='word_1_191' title='bbox 1009 2803 1259 2886; x_wconf 80' lang='grc' dir='ltr'><strong><em>αὐτοὺς</em></strong></span> <span class='ocrx_word' id='word_1_192' title='bbox 1292 2802 1584 2885; x_wconf 79' lang='grc' dir='ltr'><strong><em>σπονδὰς</em></strong></span> <span class='ocrx_word' id='word_1_193' title='bbox 1610 2799 1653 2892; x_wconf 78' lang='grc' dir='ltr'><strong><em>ἦ</em></strong></span> <span class='ocrx_word' id='word_1_194' title='bbox 1680 2802 1792 2873; x_wconf 78' lang='grc' dir='ltr'><strong><em>διὰ</em></strong></span> <span class='ocrx_word' id='word_1_195' title='bbox 1819 2807 2115 2893; x_wconf 88' lang='grc' dir='ltr'><strong><em>πολέμου</em></strong></span> <span class='ocrx_word' id='word_1_196' title='bbox 2148 2832 2290 2873; x_wconf 87' lang='grc' dir='ltr'><strong><em>κιν-</em></strong></span> <span class='ocrx_word' id='word_1_197' title='bbox 2320 2829 2367 2868; x_wconf 76' lang='lat'><strong><em>25</em></strong></span> 
     </span>
    </p>

    <p class='ocr_par' dir='ltr' id='par_1_11' title="bbox 297 2907 2365 3409">
     <span class='ocr_line' id='line_1_28' title="bbox 297 2907 2291 3000; baseline -0.001 -23"><span class='ocrx_word' id='word_1_198' title='bbox 297 2925 366 2978; x_wconf 88' lang='grc'><strong><em>10</em></strong></span> <span class='ocrx_word' id='word_1_199' title='bbox 397 2907 752 2979; x_wconf 86' lang='grc' dir='ltr'><strong><em>δυνεύειν..</em></strong></span> <span class='ocrx_word' id='word_1_200' title='bbox 851 2914 924 2978; x_wconf 74' lang='grc' dir='ltr'><strong><em>οἱ</em></strong></span> <span class='ocrx_word' id='word_1_201' title='bbox 966 2913 1194 2998; x_wconf 87' lang='grc' dir='ltr'><strong><em>μέντοι</em></strong></span> <span class='ocrx_word' id='word_1_202' title='bbox 1256 2915 1648 3000; x_wconf 88' lang='grc' dir='ltr'><strong><em>στρατιῶται</em></strong></span> <span class='ocrx_word' id='word_1_203' title='bbox 1699 2914 1999 2995; x_wconf 79' lang='grc' dir='ltr'><strong><em>χαλεπῶς</em></strong></span> <span class='ocrx_word' id='word_1_204' title='bbox 2050 2914 2291 2996; x_wconf 79' lang='grc' dir='ltr'><strong><em>ἔφερον</em></strong></span> 
     </span>
     <span class='ocr_line' id='line_1_29' title="bbox 392 3013 2289 3102; baseline -0.001 -22"><span class='ocrx_word' id='word_1_205' title='bbox 392 3016 738 3102; x_wconf 79' lang='grc' dir='ltr'><strong><em>διατριβῆς</em></strong></span> <span class='ocrx_word' id='word_1_206' title='bbox 761 3039 835 3082; x_wconf 90' lang='grc' dir='ltr'><strong><em>τε</em></strong></span> <span class='ocrx_word' id='word_1_207' title='bbox 860 3020 1138 3102; x_wconf 88' lang='grc' dir='ltr'><strong><em>ματαίας</em></strong></span> <span class='ocrx_word' id='word_1_208' title='bbox 1164 3014 1594 3101; x_wconf 75' lang='grc' dir='ltr'><strong><em>ἐγγινομένης</em></strong></span> <span class='ocrx_word' id='word_1_209' title='bbox 1611 3063 1629 3098; x_wconf 83' lang='grc'>,</span> <span class='ocrx_word' id='word_1_210' title='bbox 1660 3013 1771 3080; x_wconf 80' lang='grc' dir='ltr'><strong><em>καὶ</em></strong></span> <span class='ocrx_word' id='word_1_211' title='bbox 1796 3013 2009 3099; x_wconf 86' lang='grc' dir='ltr'><strong><em>μηδέν</em></strong></span> <span class='ocrx_word' id='word_1_212' title='bbox 2046 3037 2109 3080; x_wconf 91' lang='grc' dir='ltr'><strong><em>τι</em></strong></span> <span class='ocrx_word' id='word_1_213' title='bbox 2138 3037 2289 3098; x_wconf 74' lang='grc' dir='ltr'><strong><em>γεν-</em></strong></span> 
     </span>
     <span class='ocr_line' id='line_1_30' title="bbox 387 3109 2287 3207; baseline -0.001 -23"><span class='ocrx_word' id='word_1_214' title='bbox 387 3129 584 3184; x_wconf 69' lang='grc' dir='ltr'><strong><em>ναῖον</em></strong></span> <span class='ocrx_word' id='word_1_215' title='bbox 625 3109 670 3203; x_wconf 81' lang='grc' dir='ltr'><em>ἢ</em></span> <span class='ocrx_word' id='word_1_216' title='bbox 713 3116 1072 3207; x_wconf 87' lang='grc' dir='ltr'><strong><em>πρόθυμον</em></strong></span> <span class='ocrx_word' id='word_1_217' title='bbox 1117 3119 1184 3196; x_wconf 86' lang='grc' dir='ltr'><strong><em>ἐς</em></strong></span> <span class='ocrx_word' id='word_1_218' title='bbox 1233 3113 1307 3185; x_wconf 87' lang='grc' dir='ltr'><strong><em>τὸ</em></strong></span> <span class='ocrx_word' id='word_1_219' title='bbox 1359 3124 1675 3202; x_wconf 72' lang='grc' dir='ltr'><strong><em>πολεμεῖν</em></strong></span> <span class='ocrx_word' id='word_1_220' title='bbox 1729 3117 2129 3205; x_wconf 85' lang='grc' dir='ltr'><strong><em>παρέχοντος</em></strong></span> <span class='ocrx_word' id='word_1_221' title='bbox 2168 3119 2287 3183; x_wconf 84' lang='grc' dir='ltr'><strong><em>τοῦ</em></strong></span> 
     </span>
     <span class='ocr_line' id='line_1_31' title="bbox 380 3213 2285 3307; baseline 0 -23"><span class='ocrx_word' id='word_1_222' title='bbox 380 3213 854 3306; x_wconf 76' lang='grc' dir='ltr'><strong><em>Ἀλεξάνδρου,</em></strong></span> <span class='ocrx_word' id='word_1_223' title='bbox 885 3214 1030 3286; x_wconf 75' lang='grc' dir='ltr'><strong><em>ἀλλ’</em></strong></span> <span class='ocrx_word' id='word_1_224' title='bbox 1063 3214 1423 3306; x_wconf 79' lang='grc' dir='ltr'><strong><em>ἡνιοχείαις</em></strong></span> <span class='ocrx_word' id='word_1_225' title='bbox 1458 3219 1570 3286; x_wconf 81' lang='grc' dir='ltr'><strong><em>καὶ</em></strong></span> <span class='ocrx_word' id='word_1_226' title='bbox 1607 3231 1894 3307; x_wconf 84' lang='grc' dir='ltr'><strong><em>τρυφαῖς</em></strong></span> <span class='ocrx_word' id='word_1_227' title='bbox 1931 3219 2285 3305; x_wconf 87' lang='grc' dir='ltr'><strong><em>προσέχον-</em></strong></span> 
     </span>
     <span class='ocr_line' id='line_1_32' title="bbox 385 3317 2365 3409; baseline 0.002 -22"><span class='ocrx_word' id='word_1_228' title='bbox 385 3345 530 3406; x_wconf 87' lang='grc' dir='ltr'><strong><em>τος,</em></strong></span> <span class='ocrx_word' id='word_1_229' title='bbox 575 3320 733 3388; x_wconf 90' lang='grc' dir='ltr'><strong><em>δέον</em></strong></span> <span class='ocrx_word' id='word_1_230' title='bbox 771 3323 1156 3402; x_wconf 75' lang='grc' dir='ltr'><strong><em>ἐπεξελθεῖν</em></strong></span> <span class='ocrx_word' id='word_1_231' title='bbox 1193 3323 1305 3390; x_wconf 78' lang='grc' dir='ltr'><strong><em>καὶ</em></strong></span> <span class='ocrx_word' id='word_1_232' title='bbox 1346 3319 1851 3409; x_wconf 87' lang='grc' dir='ltr'><strong><em>τιμωρήσασθαι</em></strong></span> <span class='ocrx_word' id='word_1_233' title='bbox 1900 3317 2282 3408; x_wconf 75' lang='grc' dir='ltr'><strong><em>Γερμανοὺς</em></strong></span> <span class='ocrx_word' id='word_1_234' title='bbox 2316 3349 2365 3390; x_wconf 75' lang='lat'><strong><em>3⁰</em></strong></span> 
     </span>
    </p>

    <p class='ocr_par' dir='ltr' id='par_1_12' title="bbox 313 3412 2287 3515">
     <span class='ocr_line' id='line_1_33' title="bbox 313 3412 2287 3515; baseline 0.001 -27"><span class='ocrx_word' id='word_1_235' title='bbox 313 3425 360 3496; x_wconf 66' lang='lat'><strong><em>‚8</em></strong></span> <span class='ocrx_word' id='word_1_236' title='bbox 391 3421 502 3488; x_wconf 80' lang='grc' dir='ltr'><strong><em>ἐπὶ</em></strong></span> <span class='ocrx_word' id='word_1_237' title='bbox 542 3435 680 3502; x_wconf 70' lang='grc' dir='ltr'><strong><em>τοῖς</em></strong></span> <span class='ocrx_word' id='word_1_238' title='bbox 703 3426 1249 3514; x_wconf 47' lang='grc' dir='ltr'><strong><em>,τετολμημένοις</em></strong></span> <span class='ocrx_word' id='word_1_239' title='bbox 1348 3412 1437 3510; x_wconf 81' lang='grc' dir='ltr'><strong><em>ἦν</em></strong></span> <span class='ocrx_word' id='word_1_240' title='bbox 1490 3423 1569 3490; x_wconf 84' lang='grc' dir='ltr'><strong><em>δέ</em></strong></span> <span class='ocrx_word' id='word_1_241' title='bbox 1620 3449 1719 3501; x_wconf 89' lang='grc' dir='ltr'><strong><em>τις</em></strong></span> <span class='ocrx_word' id='word_1_242' title='bbox 1776 3425 1850 3492; x_wconf 85' lang='grc' dir='ltr'><strong><em>ἐν</em></strong></span> <span class='ocrx_word' id='word_1_243' title='bbox 1900 3430 1991 3515; x_wconf 75' lang='grc' dir='ltr'><strong><em>τῷ</em></strong></span> <span class='ocrx_word' id='word_1_244' title='bbox 2035 3428 2287 3514; x_wconf 75' lang='grc' dir='ltr'><strong><em>στρατῷ</em></strong></span> 
     </span>
    </p>

    <p class='ocr_par' dir='ltr' id='par_1_13' title="bbox 311 3510 2286 3648">
     <span class='ocr_line' id='line_1_34' title="bbox 311 3510 2286 3648; baseline 0.005 -63"><span class='ocrx_word' id='word_1_245' title='bbox 311 3510 336 3648; x_wconf 60' lang='lat' dir='ltr'>s</span> <span class='ocrx_word' id='word_1_246' title='bbox 388 3523 762 3609; x_wconf 76' lang='grc' dir='ltr'><strong><em>Μαξιμϊνος</em></strong></span> <span class='ocrx_word' id='word_1_247' title='bbox 786 3517 1040 3620; x_wconf 66' lang='grc' dir='ltr'><strong><em>ὄνομα,</em></strong></span> <span class='ocrx_word' id='word_1_248' title='bbox 1077 3516 1152 3595; x_wconf 66' lang='lat' dir='ltr'><strong><em>v&amp;</em></strong></span> <span class='ocrx_word' id='word_1_249' title='bbox 1190 3525 1314 3614; x_wconf 77' lang='grc' dir='ltr'><strong><em>μὲν</em></strong></span> <span class='ocrx_word' id='word_1_250' title='bbox 1352 3526 1546 3612; x_wconf 79' lang='grc' dir='ltr'><strong><em>γένος</em></strong></span> <span class='ocrx_word' id='word_1_251' title='bbox 1575 3529 1711 3594; x_wconf 89' lang='grc' dir='ltr'><strong><em>τῶν</em></strong></span> <span class='ocrx_word' id='word_1_252' title='bbox 1747 3525 2075 3596; x_wconf 80' lang='grc' dir='ltr'><strong><em>ἐνδοτάτω</em></strong></span> <span class='ocrx_word' id='word_1_253' title='bbox 2107 3533 2286 3616; x_wconf 70' lang='grc' dir='ltr'><strong><em>Θρᾳ-</em></strong></span> 
     </span>
    </p>
   </div>
   <div class='ocr_carea' id='block_1_9' title="bbox 2406 3412 2413 3455">
    <p class='ocr_par' dir='ltr' id='par_1_14' title="bbox 2406 3412 2413 3455">
     <span class='ocr_line' id='line_1_35' title="bbox 2406 3412 2413 3455; baseline 0 0"><span class='ocrx_word' id='word_1_254' title='bbox 2406 3412 2413 3455; x_wconf 60' lang='grc' dir='ltr'>ἱ</span> 
     </span>
    </p>
   </div>
   <div class='ocr_carea' id='block_1_10' title="bbox 2405 2475 2419 3821">
    <p class='ocr_par' dir='ltr' id='par_1_15' title="bbox 2405 2475 2419 3821">
     <span class='ocr_line' id='line_1_36' title="bbox 2405 2475 2419 3821; baseline 0 0"><span class='ocrx_word' id='word_1_255' title='bbox 2405 2475 2419 3821; x_wconf 95' lang='lat' dir='ltr'><strong><em> </em></strong></span> 
     </span>
    </p>
   </div>
  </div>
 </body>
</html>
