2475 3859
495 130 613 191 126
1230 128 1673 191 HEMHTON
1686 156 1697 167 ·

490 313 628 373 ῖστε
666 300 794 391 γάρ
822 327 904 391 με
935 301 1050 370 καὶ
1089 294 1188 381 οἷς
1225 302 1481 383 ἐκεῖνος
1518 307 1841 392 ἔπραττεν
1878 296 2005 371 οὐκ
2037 296 2403 389 ἀρεσκόμε-

489 434 646 493 νον,
693 407 808 476 καὶ
861 404 1527 493 προκινδυνεύσαντα
1570 401 1765 493 ὑμῶν
1812 406 1888 475 ἐν
1934 398 2035 485 οἷς
2084 402 2403 483 πολλάκις

488 524 630 590 ταῖς
681 507 1040 596 τυχούσαις
1092 512 1437 595 διαβολαῖς
1502 508 1837 579 πιστεύων
1891 502 2184 597 ἀφειδῶς
2230 502 2403 594 ὑμῖν

427 626 464 679 3
492 612 963 702 προσεφέρετο.
1067 606 1235 700 κάμὲ
1266 610 1390 699 μὲν
1428 618 1648 692 κακῶς
1684 608 2003 701 ἠγόρευε,
2038 611 2149 679 καὶ
2188 614 2403 697 δημο-

486 722 600 808 σίᾳ
633 712 951 793 πολλάκις
977 710 1051 783 τὸ
1095 714 1367 802 μέτριόν
1405 742 1536 803 μου
1566 716 1679 784 καὶ
1714 712 1880 804 πρὸς
1921 711 2079 793 τούς
2114 708 2399 801 άρχομέ-
2430 744 2453 783 5

485 846 649 898 νους
699 816 1188 905 φιλάνθρωπον
1237 817 1620 906 διαβάλλων
1676 820 1789 887 καὶ
1842 814 2284 887 διασκώπτων
2336 820 2404 896 ἐς

488 924 834 1013 ρᾳθυμίαν
859 922 973 989 καὶ
997 919 1269 1010 τρόπων
1292 921 1664 1009 χαυνότητα
1681 943 1695 957 ·
1730 926 2104 1000 κολακείαις
2143 920 2219 989 δὲ
2248 926 2405 1006 χαί-

489 1051 664 1113 ρων,
691 1025 805 1093 καὶ
833 1020 986 1103 τοὺς
1005 1029 1100 1105 εἰς
1129 1020 1434 1112 ὠμότητα
1462 1023 1957 1111 παροξύνοντας
1982 1029 2074 1115 τῷ
2100 1050 2169 1091 τε
2196 1030 2401 1113 θυμῷ

488 1124 560 1196 τὸ
589 1125 944 1214 ἐνδόσιμον
969 1123 1184 1196 αὐτοῦ
1213 1127 1523 1207 διδόντας
1560 1127 1683 1216 τήν
1710 1154 1781 1197 τε
1820 1124 2031 1215 ὀργὴν
2060 1131 2401 1213 διαβολαῖς

489 1232 865 1319 ἐγείροντας
893 1224 1135 1310 εὔνους
1161 1233 1276 1299 καὶ
1294 1227 1569 1311 πιστοὺς
1596 1234 1935 1318 ἐδοκίμαζε
1963 1236 2223 1318 φίλους.
2250 1230 2398 1315 ἐμοὶ
2431 1256 2469 1294 ιο

427 1345 463 1397 4
493 1332 568 1401 δὲ
593 1334 660 1415 ἐξ
701 1328 906 1421 ἀρχῆς
945 1329 1020 1401 τὸ
1065 1338 1285 1421 πρᾶον
1323 1335 1436 1403 καὶ
1483 1334 1752 1423 με’τριον
1790 1333 2174 1421 προσφιλές.
2276 1328 2398 1400 τὸν

487 1441 658 1522 γοῦν
705 1432 874 1524 πρὸς
924 1442 1371 1525 Παρθυαίους
1410 1436 1735 1524 πόλεμον,
1776 1433 2087 1523 μέγιστόν
2124 1460 2197 1502 τε
2234 1428 2396 1504 ὄντα

487 1540 600 1607 καὶ
627 1534 737 1625 ἐφ’
773 1527 828 1630 ᾦ
855 1544 1036 1607 πᾶσα
1065 1534 1401 1626 Ῥωμαίων
1428 1538 1745 1609 ἐσάλευεν
1790 1534 1991 1628 ἀρχή,
2030 1535 2396 1607 κατελύσα-

485 1668 610 1730 μεν
637 1642 750 1710 καὶ
777 1643 852 1710 ἐν
879 1635 978 1721 οἷς
1009 1638 1337 1731 ἀνδρείως
1374 1642 1903 1732 παραταξάμενοι
1936 1638 2140 1711 οὐδέν
2174 1666 2241 1709 τι
2276 1634 2395 1728 ἡτ-

485 1744 775 1832 τήμεθα,
796 1745 909 1813 καὶ
935 1747 1011 1813 ἐν
1039 1740 1138 1826 οἷς
1165 1754 1553 1826 σπείσαντες
1580 1744 1742 1833 μετὰ
1775 1750 2019 1833 πολλῆς
2048 1741 2395 1830 δυνάμεως
2424 1764 2461 1805 15

486 1847 774 1918 ἐλθόντα
822 1850 1035 1936 μέγαν
1085 1852 1361 1937 βασιλέα
1402 1845 1639 1918 πιστὸν
1692 1855 1897 1938 φίλον
1950 1842 2100 1916 ἄντ’
2143 1850 2393 1934 ἐχθροῦ

488 1950 826 2039 δυσμάχου
853 1950 1273 2039 ἐποιήσαμεν.
1344 1954 1509 2039 ἐμοῦ
1548 1950 1622 2019 δὲ
1658 1948 2073 2041 κρατοῦντος
2098 1952 2173 2019 ἐν
2200 1944 2393 2039 ἀδείᾳ

487 2080 558 2123 τε
589 2055 701 2123 καὶ
743 2050 1066 2141 ἀναιμωτὶ
1101 2054 1343 2136 πάντες
1381 2054 1770 2143 βιώσονται,
1813 2050 2281 2142 ἀριστοκρατία
2324 2078 2391 2120 τε

425 2169 456 2220 5
486 2149 802 2244 μᾶλλονῆ
826 2163 1130 2243 βασιλεία
1149 2156 1644 2246 νομισθήσεται.
1750 2158 1923 2245 μηδέ
1944 2186 2039 2237 τις
2066 2152 2387 2237 ἀπαξιού-

483 2286 573 2327 τω
603 2253 647 2346 ἢ
674 2256 873 2346 τύχης
899 2274 1188 2346 πταῖσμα
1217 2262 1563 2347 νομιζέτω,
1594 2256 1697 2329 ὅτι
1732 2255 1816 2348 δὴ
1843 2256 2003 2329 ὅντα
2042 2286 2123 2346 με
2156 2260 2230 2327 ἐκ
2271 2263 2384 2345 τῆς
2413 2290 2457 2328 2⁰

485 2360 766 2440 ἱππάδος
796 2360 1036 2443 τάξεως
1064 2364 1170 2431 ἐπὶ
1203 2368 1402 2431 τοῦτο
1429 2358 1654 2450 ἤγαγε.
1718 2370 1789 2431 τί
1822 2359 1949 2452 γὰρ
1989 2358 2232 2449 ὄφελος
2272 2356 2387 2429 εύ-

483 2469 777 2552 γενείας,
823 2469 886 2533 εἰ
934 2461 1022 2551 μὴ
1074 2462 1354 2554 χρηστὸς
1404 2466 1517 2534 καὶ
1562 2464 2040 2553 φιλάνθρωπος
2094 2478 2395 2533 συνοικεῖ

484 2563 760 2656 τρόπος;
787 2564 868 2635 τὰ
893 2566 1016 2654 μὲν
1043 2565 1170 2657 γὰρ
1199 2574 1314 2656 τῆς
1338 2567 1538 2656 τύχης
1564 2574 1747 2657 δῶρα
1786 2570 1898 2639 καὶ
1944 2563 2232 2650 ἀναξίοις
2268 2592 2390 2635 πε-

485 2676 816 2759 ριπίπτει,
855 2665 898 2757 ἡ
929 2668 1004 2739 δὲ
1043 2676 1158 2758 τῆς
1191 2677 1407 2759 ψυχῆς
1442 2667 1641 2760 ἀρετὴ
1680 2676 1861 2740 ἰδίαν
1900 2670 2151 2762 ἑκάστῳ
2188 2667 2389 2751 δόξαν

484 2779 928 2861 περιτίθησιν.
981 2769 1285 2862 εὐγένεια
1323 2774 1399 2845 δὲ
1440 2776 1551 2845 καὶ
1588 2780 1871 2855 πλοῦτος
1916 2776 2029 2843 καὶ
2080 2770 2204 2842 ὅσα
2245 2800 2381 2841 τοι·
2413 2800 2455 2840 τι

485 2882 655 2947 αὕτα
692 2882 1116 2965 μακαρίζεται
1153 2880 1312 2967 μέν,
1352 2873 1477 2947 ούκ
1516 2880 1879 2948 ἐπαινεῖται
1921 2880 2031 2964 δέ,
2086 2872 2175 2957 ὡς
2218 2871 2379 2963 παρ’

421 2990 456 3045 6
485 2975 694 3049 ἄλλον
721 2980 1042 3053 δοθέντα·
1098 2982 1419 3051 ἐπιείκεια
1466 2979 1542 3051 δὲ
1578 2981 1691 3049 καὶ
1724 2980 2081 3069 χρηστότης
2122 2974 2255 3066 ἅμα
2294 2984 2383 3069 τῷ

481 3082 947 3170 θαυμάζεσθαι
972 3085 1085 3153 καὶ
1111 3091 1247 3153 τῶν
1281 3086 1573 3154 ἐπαίνων
1612 3080 1737 3171 τὴν
1775 3080 2123 3173 ἀναφορὰν
2152 3084 2219 3161 ἐς
2256 3075 2383 3149 αύ-

477 3184 596 3253 τόν
624 3212 772 3254 τινα
804 3191 936 3271 ἔχει
960 3184 1080 3255 τὸν
1105 3193 1583 3275 κατορθοῦντα.
1628 3192 1701 3255 τί
1726 3193 1899 3274 γοῦν
1926 3182 2097 3273 ὑμᾶς
2124 3178 2382 3270 ὤνησεν

476 3281 519 3371 ἡ
565 3286 930 3374 Κομμόδου
973 3286 1277 3377 εὐγένεια
1320 3285 1793 3377 ἦᾋντωνίνου
1830 3285 1874 3377 ἡ
1916 3287 2187 3379 πατρῴα
2228 3289 2377 3354 δια-
2409 3316 2453 3357 ³⁰

480 3386 670 3474 δοχή;
709 3392 781 3456 οἰ
813 3387 938 3475 μὲν
977 3388 1104 3479 γὰρ
1147 3385 1369 3478 ὥσπερ
1406 3386 1671 3477 ὄφλημα
1718 3396 2160 3481 κληρονομίας
2198 3392 2379 3476 εἰλη-

480 3486 679 3574 φότες
719 3484 1143 3578 ἀποχρῶνταί
1187 3517 1259 3560 τε
1304 3493 1416 3561 καὶ
1453 3494 1915 3583 ἐνυβρίζουσιν
1968 3488 2057 3574 ὥς
2108 3487 2379 3561 ἄνωθεν
