2475 3859
975 151 1271 211 ΕΚΤΟΝ
1962 151 1990 209 1
2002 149 2081 212 53

159 327 307 391 τῶν
333 326 558 391 ἵππων
593 319 1104 411 ἀποβαίνοντες,
1149 319 1255 390 ἀεὶ
1296 321 1371 391 δὲ·
1412 318 1639 402 αὐτοῖς
1674 321 2003 411 χρώμενοι
2038 321 2084 412 ἢ

159 423 336 495 κατὰ
361 431 698 512 πολεμίων
723 421 769 512 ἢ
794 422 960 494 κατὰ
985 433 1273 514 θηρίων.

366 524 799 616 Ἀλέξανδρος
839 529 962 616 μὲν
989 519 1148 614 οὖν,
1189 525 1279 608 ὡς
1320 523 1517 618 ᾤετο,
1561 522 1795 613 ἄριστα
1837 529 2082 617 βεβού-

161 639 397 700 λευτο·
429 637 679 719 ἔσφηλε
707 631 783 701 δὲ
809 629 1023 700 αὐτοῦ
1049 628 1174 718 τὴν
1202 631 1479 719 γνώμην
1518 624 1561 716 ἦ
1598 629 1781 719 τύχη.
1835 630 1909 700 τὸ
1951 632 2075 720 μὲν
2110 650 2146 700 5

93 771 122 811 5
161 730 300 822 γὰρ
327 734 644 821 πεμφθὲν
684 731 776 803 δι’
815 732 1160 822 Ἀρμενίας
1196 731 1701 820 στρατιωτικόν,
1744 734 1933 822 μόλις
1970 737 2084 804 καὶ

160 843 470 922 χαλεπῶς
496 833 882 926 ὑπερβαλόν
909 835 990 906 τὰ
1029 843 1144 925 τῆς
1183 837 1400 926 χώρας
1436 832 1561 922 ὅρη
1602 837 1973 924 τραχύτατά
2012 865 2082 908 τε

161 936 334 1008 ὄντα
361 941 474 1008 καὶ
491 931 1048 1028 κρημνωδέστατα
1069 939 1271 1028 (πλὴν
1291 947 1386 1009 ἔτι
1418 941 1669 1022 θέρους
1702 935 1893 1020 ὄντος
1925 939 2084 1010 ἀνε-

163 1040 338 1129 κτὴν
355 1041 486 1130 εἶχε
501 1041 626 1131 τὴν
651 1047 980 1131 πορείαν),
1003 1042 1295 1131 ἐμβαλὸν
1324 1048 1390 1124 ἐς
1418 1040 1542 1132 τὴν
1565 1041 1833 1132 Μήδων
1858 1041 2083 1132 χώραν

165 1144 452 1234 ἐπόρθει
479 1173 548 1214 τε
575 1143 789 1234 αὐτὴν
824 1148 938 1215 καὶ
981 1144 1230 1226 πολλὰς
1271 1149 1593 1233 ἐνέπρησε
1632 1145 1856 1234 κώμας
1896 1156 2085 1217 λείαν

77 1281 132 1321 lo
167 1273 242 1316 τε
267 1245 632 1336 ἀπήγαγεν.
691 1247 726 1319 ὁ
757 1249 832 1319 δὲ
856 1250 1120 1338 Πέρσης
1146 1247 1391 1336 μαθων
1418 1245 1719 1336 ἐπήμυνε
1752 1249 1921 1318 κατὰ
1956 1249 2085 1321 δύ·-

165 1376 407 1438 ναμιν,
441 1348 787 1440 ἀπείργειν
813 1352 890 1421 δὲ
913 1349 1072 1432 τούς
1100 1348 1459 1441 Ῥωμαίους
1491 1347 1573 1421 ού
1602 1352 1783 1432 πάνυ
1821 1381 1886 1422 τι
1925 1354 2087 1423 ἐδύ-

163 1475 362 1523 νατο·
403 1470 672 1543 τραχεῖα
697 1454 828 1544 γὰρ
855 1445 1024 1524 οὖσα
1063 1452 1104 1543 ἡ
1150 1457 1335 1545 χώρα
1372 1471 1507 1534 τοϊς
1547 1453 1673 1542 μὲν
1710 1464 1927 1540 πεζοῖς
1968 1460 2081 1527 καὶ
2110 1474 2149 1529 6
2224 1485 2230 1490 ·

165 1553 296 1642 τὴν
321 1557 521 1645 βάσιν
549 1555 810 1647 εὐπαγῆ
837 1559 951 1626 καὶ
978 1555 1102 1646 τὴν
1134 1565 1417 1643 πορείαν
1454 1555 1711 1645 εὐμαρῆ
1751 1575 2085 1648 παρεῖχεν,

163 1654 212 1745 ἡ
247 1656 314 1728 δ’
347 1663 548 1742 ἵππος
573 1669 711 1730 τῶν
734 1661 1098 1750 βαρβάρων
1137 1657 1271 1731 ὑπὸ
1310 1666 1426 1748 τῆς
1452 1667 1589 1730 τῶν
1626 1656 1807 1748 ὀρῶν
1839 1662 2089 1750 τραχύ-

83 1789 133 1827 15
173 1787 368 1850 τητος
393 1759 566 1851 ὁμοῦ
583 1760 880 1853 καὶπρὸς
905 1762 1160 1853 δρόμον
1186 1767 1479 1851 ἐπείχετο
1508 1764 1620 1832 καὶ
1638 1766 2090 1835 καθιππεύειν

165 1859 214 1951 ἢ
259 1867 516 1936 ἐπιέναι
571 1867 916 1937 ἐκωλύετο.
973 1857 1140 1954 ἧκον
1191 1869 1276 1936 δέ
1316 1893 1491 1946 τινες
1530 1861 1958 1953 ἀγγέλλοντες
1994 1876 2088 1961 τῷ

61 2001 66 2005 ·
166 1970 400 2058 Πέρσῃ
433 1965 521 2052 ὥς
560 1967 689 2060 ἀρα
724 1977 1030 2058 φαίνοιτο
1062 1966 1400 2058 Ῥωμαίων
1444 1966 1719 2056 στρατὸς
1757 1972 1979 2057 ἕτερος
2011 1976 2087 2041 ἐν

167 2085 310 2152 τοῖς
339 2072 528 2164 ἑῴοις
554 2077 783 2162 μέρεσι
806 2081 1267 2160 Παρθυαίων,
1297 2073 1380 2143 τά
1417 2099 1491 2141 τε
1530 2077 1729 2142 πεδία
1765 2079 2086 2162 κατατρέ-

165 2196 383 2260 χουσι.
489 2177 724 2265 διόπερ
761 2178 1092 2265 φοβηθεὶς
1129 2181 1381 2256 ἐκεῖνος
1419 2174 1509 2264 μὴ
1550 2172 1633 2244 τὰ
1666 2179 1743 2244 ἐν
1777 2177 2085 2266 Πάρθοις
2114 2197 2147 2252 7

79 2298 136 2340 2⁰
173 2279 426 2367 ῥᾳδίως
464 2279 921 2368 λυμηνάμενοι
961 2281 1028 2360 ἐς
1075 2282 1341 2369 Πέρσας
1394 2279 1760 2367 ἐμβάλωσι,
1816 2289 2090 2350 καταλι-

164 2375 320 2449 ποίν
347 2408 496 2450 τινα
525 2382 852 2470 δύναμιν,
885 2379 1052 2470 ὅσην
1083 2379 1382 2471 αὐτάρκη
1420 2380 1583 2477 ᾤετο
1612 2381 1899 2471 ῥύεσθαι
1926 2391 2089 2472 Μη-

165 2488 359 2570 δίαν,
403 2481 610 2566 ἀύτὸς
652 2484 784 2555 σύν
827 2487 1027 2554 παντὶ
1071 2493 1162 2578 τῷ
1211 2493 1469 2579 στρατῷ
1513 2489 1581 2566 ἐς
1623 2482 1705 2554 τὰ
1748 2489 1881 2579 ἑῷα
1922 2488 2089 2576 μέρη

159 2581 501 2674 ἠπείγετο.
579 2584 624 2676 ἡ
669 2589 746 2658 δὲ
781 2595 918 2657 τῶν
954 2583 1292 2675 Ῥωμαίων
1331 2587 1604 2677 στρατιὰ
1643 2587 1766 2677 τὴν
1808 2597 2090 2678 πορείαν

163 2684 610 2779 ἀμελέστερον
638 2695 920 2762 ἐποιεῖτο
947 2690 1110 2778 μήτε
1127 2689 1309 2771 τινὸς
1337 2693 1751 2778 φαινομένου
1776 2693 1939 2780 μήτε
1966 2691 2089 2762 ἀν-

75 2818 130 2859 25
165 2799 529 2880 θεστιότος,
551 2790 782 2882 ἤλπιζέ
807 2821 880 2863 τε
903 2793 1022 2864 τὸν
1041 2790 1480 2881 Ἀλέξανδρον
1498 2792 1628 2863 σὺν
1645 2801 1833 2884 τρίτῃ
1864 2801 2087 2886 μοίρᾳ,

163 2897 607 2986 γενναιοτάτη
635 2894 807 2988 οὔσῃ
833 2899 945 2966 καὶ
981 2902 1291 2985 μεγίστῃ,
1322 2900 1389 2975 ἐς
1414 2901 1656 2984 μέσους
1685 2899 2088 2986 ἐμβεβληκέ-

161 3023 282 3066 ναι
328 2996 488 3078 τούς
539 2997 952 3088 βαρβάρους,
1007 2996 1364 3079 κάκείνους
1404 2996 1943 3086 ἀνθελκομένους
1984 2997 2089 3070 ἀεὶ

160 3097 336 3190 πρὸς
361 3099 440 3170 τὰ
467 3104 790 3190 ἐνοχλοῦν
829 3105 1262 3190 σχολαιτέραν
1292 3098 1519 3182 αὐτοῖς
1545 3103 1658 3170 καὶ
1690 3097 2089 3194 ἀδεεστέραν

160 3205 484 3291 παρέξειν
507 3203 632 3295 τὴν
661 3212 933 3295 ἔφοδον.
996 3213 1352 3296 προείρητο
1379 3203 1507 3295 γὰρ
1534 3212 1694 3274 πᾶσι
1720 3222 1859 3287 τοῖς
1885 3227 2089 3294 στρα-
2114 3230 2151 3282 8

77 3337 131 3378 ³⁰
163 3321 308 3387 τοῖς
333 3302 790 3398 ὖπερτρέχειν,
819 3311 932 3379 καὶ
957 3307 1159 3390 τόπος
1176 3305 1419 3398 ὥριστο
1444 3312 1511 3389 ἐς
1536 3303 1619 3378 ὃν
1636 3304 1883 3389 αὐτοὺς
1918 3330 2087 3379 συν-

159 3417 400 3478 ελθεῖν
439 3416 611 3499 ἔδει,
649 3412 865 3482 πάντα
906 3410 989 3481 τὰ
1025 3414 1428 3500 ἐμπίπτοντα
1466 3413 1582 3481 καὶ
1620 3415 1695 3482 ἐν
1730 3414 1909 3504 μέσῳ
1950 3439 2089 3500 χει-

159 3514 557 3601 ρουμένους.
590 3520 838 3604 ἔσφηλε
863 3515 940 3584 δὲ
967 3511 1216 3596 αὐτοὺς
1242 3511 1279 3586 ὁ
1306 3512 1735 3607 Ἀλέξανδρος
1759 3515 1923 3605 μήτε
1950 3522 2089 3586 εἰσ-
