2475 3859
531 173 647 234 106
1266 175 1704 234 ΤΕΤΑΡΤΟΝ

525 347 701 417 νεών
715 400 734 434 ,
767 354 937 415 ἔνθα
967 343 1047 414 τὰ
1073 362 1313 435 σημεῖα
1340 348 1454 417 καὶ
1490 344 1573 415 τὰ
1611 342 1951 434 ἀγάλματα
1992 352 2115 415 τοῦ
2152 366 2433 434 στρατο-

526 454 736 521 πέδου
765 466 1273 537 προσκυνεῖται,
1306 452 1505 539 ῥίψας
1545 448 1787 519 ἑαυτὸν
1828 452 1895 529 ἐς
1932 456 2061 537 γῆν
2104 444 2433 536 ὡμολόγει

526 583 596 624 τε
621 552 1009 643 χαριστήρια
1037 556 1208 624 ἔθυέ
1227 580 1300 623 τε
1326 552 1635 640 σωτήρια.
1670 548 1759 632 ὥς
1789 552 1864 621 δὲ
1892 555 2205 640 διηγγέλη
2236 559 2430 621 τοῦτο

525 675 663 738 τοῖς
688 654 1148 744 στρατιώταις,
1179 648 1279 725 οἷν
1302 664 1371 725 οἳ
1394 656 1517 743 μὲν
1544 652 1673 744 ἤδη
1700 658 1855 743 περὶ
1882 654 2131 742 λουτρὰ
2160 655 2347 743 εἶχον
2370 664 2437 724 οἳ

462 774 497 827 6
526 762 602 832 δὲ
631 758 1077 848 ἀνεπαύοντο,
1109 761 1352 840 πάντες
1378 760 1813 847 ἐκπλαγέντες
1836 760 2185 829 συνέθεον.
2296 756 2336 827 ὃ
2362 759 2475 827 δὲῦ

524 860 880 957 προελθὼν
915 859 990 930 τὸ
1019 863 1142 951 μὲν
1181 862 1487 952 πραχθὲν
1526 858 1782 942 εὐθέως
1824 859 1947 950 οὐχ
1986 858 2433 950 ὡμολόγησεν,

523 966 682 1055 ἐβόα
705 965 780 1034 δὲ
805 969 1216 1053 πεφευγέναι
1243 971 1567 1035 κίνδυνον
1582 966 1693 1035 καὶ
1720 962 2084 1054 ἐπιβουλὴν
2108 973 2433 1053 πολεμίου

524 1072 636 1140 καὶ
671 1074 956 1157 ἐχθροῦ,
997 1068 1116 1139 τὸν
1149 1066 1450 1158 ἀδελφὸν
1490 1071 1739 1156 λέγων,
1777 1069 1965 1155 μόλις
2001 1096 2075 1138 τε
2114 1069 2228 1137 καὶ
2274 1067 2435 1156 μετὰ

525 1177 774 1258 πολλῆς
799 1168 1008 1260 μάχης
1035 1180 1173 1241 τῶν
1213 1175 1481 1261 ἐχθροῖν
1518 1174 2028 1261 κεκρατηκέναι,
2068 1176 2432 1241 κινδυνευ·

525 1276 788 1345 σάντων
815 1275 891 1343 δὲ
919 1272 1317 1365 ἀμφοτέρων
1352 1269 1481 1345 κᾶν
1510 1276 1631 1345 ἕνα
1660 1273 1900 1344 ἑαυτὸν
1939 1277 2209 1364 βασιλέα
2240 1301 2432 1363 τετη-
2462 1305 2475 1342 ι

528 1385 778 1467 ρῆσθαι
805 1372 938 1447 ὑπὸ
967 1385 1082 1466 τῆς
1113 1379 1332 1466 τύχης.
1406 1386 1683 1447 τοιαῦτα
1710 1378 1793 1465 δή
1818 1406 1969 1447 τινα
1995 1383 2291 1466 πλαγίως
2320 1381 2432 1466 ἐμ-

527 1488 796 1570 φαίνων
838 1492 1146 1551 νοεῖσθαι
1185 1489 1443 1570 μᾶλλον
1494 1480 1807 1570 ἐβούλετο
1848 1479 1929 1551 τὰ
1967 1482 2353 1570 πραχθέντα
2390 1476 2431 1567 ἦ

469 1598 502 1653 7
531 1582 921 1655 ἀκούεσθαι.
1025 1580 1439 1673 ὑπισχνεῖται
1471 1585 1548 1654 δὲ
1574 1580 1801 1664 αὐτοῖς
1842 1580 2011 1677 ὑπὲρ
2050 1590 2163 1671 τῆς
2190 1585 2431 1653 ἑαυτοῦ

527 1694 852 1777 σωτηρίας
877 1689 989 1757 καὶ
1016 1695 1377 1776 μοναρχίας
1405 1687 1655 1780 ἑκάστῳ
1683 1688 1807 1775 μὲν
1832 1685 2193 1777 στρατιώτῃ
2220 1693 2431 1775 δισχι-

525 1798 672 1872 λίας
709 1792 822 1861 καὶ
865 1798 1303 1873 πεντακοσίας
1343 1788 1638 1880 δραχμὰς
1671 1786 1995 1876 Ἀττικάς,
2034 1796 2429 1878 προστίθησι
2462 1814 2475 1852 ι

527 1895 604 1965 δὲ
627 1902 720 1987 τῷ
747 1902 1100 1987 σιτηρεσίῳ
1127 1892 1289 1964 ἄλλο
1316 1900 1437 1964 τοῦ
1465 1896 1867 1981 τελουμένου
1894 1888 2117 1981 ἥμισυ.
2173 1893 2431 1963 κελεύει

526 2024 598 2068 τε
641 1994 1058 2079 ἀπελθόντας
1097 1995 1349 2079 αὐτοὺς
1398 1994 1529 2085 ’ἤδη
1566 1992 2015 2084 ὑποδέχεσθαι
2064 2002 2141 2065 ἐκ
2190 2024 2261 2065 τε
2302 2003 2431 2065 τῶν

529 2107 713 2170 ναῶν
739 2102 852 2169 καὶ
879 2107 1015 2169 τῶν
1055 2106 1428 2189 θησαυρῶν
1453 2099 1535 2169 τὰ
1569 2098 1899 2188 χρήματα,
1941 2105 2093 2187 μιάς
2132 2106 2243 2184 [τε]
2274 2095 2433 2187 ἦμέ-

531 2230 650 2291 ρας
679 2201 970 2290 ἀφειδῶς
993 2205 1219 2290 ἐκχέας
1246 2203 1461 2272 πάντα
1488 2198 1613 2272 ὅσα
1650 2208 1867 2273 ἔτεσιν
1908 2198 2361 2272 ὀκτωκαίδεκα
2400 2199 2431 2270 ὁ

532 2312 836 2396 Σεεῆρος
876 2301 1164 2395 ἤθροισε(
1204 2330 1276 2374 τε
1319 2307 1433 2373 καὶ
1476 2308 1897 2375 κατέκλεισεν
1948 2308 2013 2389 ἐξ
2064 2301 2475 2395 ἀλλοτρίωνι

467 2426 506 2479 8
533 2414 926 2496 συμφορῶν.
1041 2412 1113 2476 οἵ
1149 2407 1224 2476 δὲ
1266 2414 1661 2497 στρατιῶται
1712 2416 2035 2478 τοσοῦτον
2086 2408 2435 2498 χρημάτων

531 2518 790 2599 πλῆθος
839 2506 1273 2598 ἀκούσαντες,
1326 2513 1439 2580 καὶ
1483 2513 1798 2592 συνέντες
1846 2508 1923 2580 τὸ
1974 2514 2435 2600 πεπραγμένον

530 2609 660 2705 ἤδη
699 2615 814 2683 καὶ
866 2620 988 2683 τοῦ
1031 2612 1251 2701 φόνου
1296 2613 1657 2703 διαβοήτου
1709 2616 2075 2703 γενομένου
2118 2611 2251 2685 ὑπὸ
2304 2620 2437 2683 τῶν

531 2723 819 2789 ἔνδοθεν
847 2716 1263 2806 φευγόντων,
1282 2716 1492 2804 μόνον
1511 2744 1583 2786 τε
1600 2714 2055 2807 αὐτοκράτορα
2080 2714 2437 2808 ἀναγορεύ-

533 2842 728 2892 ουσιν
755 2816 965 2889 αὐτὸν
995 2818 1253 2890 καὶτὸν
1278 2823 1491 2891 Γέταν
1522 2827 1802 2889 καλοῦσι
1830 2822 2166 2909 πολέμιον.
2460 2840 2475 2879 5

467 2930 504 2989 5
740 2926 1082 3011 ἐπιμείνας
1121 2923 1196 2992 δὲ
1235 2919 1272 2993 ὁ
1306 2921 1701 3003 Ἀντωνῖνος
1740 2930 1857 3012 τῆς
1896 2921 2141 3004 νυκτὸς
2182 2925 2437 3011 ἐκείνης

529 3030 604 3098 έν
642 3034 734 3119 τῷ
779 3033 913 3119 νεῷ
952 3033 1072 3096 τοῦ
1113 3028 1597 3115 στρατοπέδου,
1640 3026 1987 3117 θαρρήσας
2032 3054 2103 3097 τε
2148 3027 2265 3096 καὶ
2303 3042 2438 3105 ταῖς

529 3130 911 3201 ἐπιδόσεσιν
964 3129 1471 3216 οἰκειωσάμενος
1521 3127 1680 3210 τοὺς
1728 3128 2161 3219 στρατιώτας,
2210 3132 2281 3211 ἐς
2320 3128 2439 3217 τὴν

531 3232 909 3320 σύγκλητον
946 3238 1241 3318 κατῆλθε
1265 3229 1428 3317 μετὰ
1455 3229 1703 3313 παντὸς
1728 3240 1849 3302 τοῦ
1878 3239 2163 3321 στρατοῦ
2181 3283 2200 3319 ,
2232 3229 2437 3301 ὡπλι-

531 3336 782 3422 σμένου
808 3337 1060 3420 μᾶλλον
1085 3329 1130 3420 ἢ
1157 3339 1316 3412 ἔθος
1342 3334 1479 3401 ἐστὶ
1520 3337 1795 3421 βασιλέα
1833 3336 2270 3423 προπέμπειν.
2304 3340 2437 3403 εἰσ·-
2464 3353 2475 3393 ³

537 3434 762 3503 ελθών
807 3435 883 3503 δὲ
921 3436 1034 3502 καὶ
1061 3434 1312 3531 θύρας,
1350 3442 1473 3503 τοῦ
1513 3461 1585 3504 τε
1629 3443 1973 3523 βασιλείου
2001 3435 2235 3525 ἐπιβὰς
2274 3436 2443 3522 θρό-

475 3548 512 3601 2
539 3562 702 3622 νου,
733 3538 910 3617 ἔλεξε
945 3534 1188 3603 τοιάδε.
1285 3532 1457 3607 “ούκ
1485 3533 1708 3625 ἀγνοῶ’
1748 3538 1873 3626 μὲν
1898 3536 2001 3609 ὅτι
2030 3546 2157 3620 πᾶς
2194 3545 2443 3609 οἰκείου
