2475 3859
321 174 336 194 ‘
403 188 484 251 38
1142 187 1589 247 AEYTEPON

335 370 373 429 2
411 361 794 451 πυθόμενος
828 357 910 429 τὰ
937 362 1370 449 πεπραγμένα
1410 362 1807 429 ἐπιδίδωσιν
1850 359 2109 429 ἑαυτόν.
2215 362 2331 429 καὶ

367 508 382 527 ι
406 472 674 557 πρῶτον
716 462 982 554 ἀρέσκει
1026 470 1393 552 προελθεῖν
1446 466 1555 533 ἐπὶ
1594 459 1669 532 τὸ
1723 461 2319 554 στρατόπεδονκαὶ

406 586 646 661 πεῖραν
674 572 788 655 τῆς
813 562 1083 655 γνώμης
1112 570 1249 635 τῶν
1287 571 1713 656 στρατιωτῶν
1754 574 2022 655 λαβεῖν·
2067 573 2331 637 πείσειν

407 674 482 743 δὲ
509 668 755 750 αὐτοὺς
784 666 820 737 ὁ
847 677 1090 753 Λαῖτος
1115 665 1526 759 ὑπισχνεῖτο,
1551 672 1826 760 ἐπείπερ
1854 667 2039 763 αὐτῷ
2066 669 2333 762 ἐπάρχῳ

347 795 381 846 2
409 774 552 847 ὄντι
581 779 860 863 μετρίαν
887 769 1224 863 ἀπένεμον
1250 777 1442 841 αἰδῶ.
1535 772 2173 863 συμπαραλαβόντες
2200 764 2333 841 οὖν
2364 790 2385 829 ⁵

407 880 522 949 καὶ
565 882 704 947 τῶν
744 881 1001 945 λοιπῶν
1039 872 1183 945 ὅσοι
1223 880 1570 966 παρῆσαν,
1612 878 1721 945 ἐπὶ
1763 873 1838 945 τὸ
1878 876 2334 967 στρατόπεδον

347 983 350 987 ’
408 980 787 1071 ἠπείγοντο.
853 976 990 1069 ,ἤδη
1031 980 1106 1050 δὲ
1145 978 1260 1049 καὶ
1298 976 1373 1049 τὸ
1409 987 1723 1049 πλεῖστον
1749 984 1865 1068 τῆς
1893 978 2136 1061 νυκτὸς
2162 1005 2330 1069 προ-

411 1083 806 1175 κεχωρήκει,
859 1085 973 1153 καὶ
1024 1088 1140 1172 τῆς
1205 1084 1435 1173 ἑορτῆς
1489 1082 1855 1172 ἐνεστώσης
1906 1080 2035 1173 πρὸ
2088 1079 2336 1174 ἡμέρας

412 1187 629 1261 πάντα
657 1184 1032 1276 ἐπράττετο.
1101 1188 1568 1273 διαπέμπουσι
1590 1186 1675 1274 δή
1702 1214 1888 1269 τινας
1913 1192 2052 1257 τῶν
2078 1190 2336 1257 πιστῶν

411 1289 570 1373 τούς
593 1288 1074 1379 διαβοήσοντας
1098 1285 1202 1358 ὅτι
1229 1283 1267 1357 ὁ
1293 1288 1648 1377 Κόμμοδος
1674 1293 1963 1380 τέθνηκε
1990 1292 2134 1379 μέν,
2148 1299 2225 1359 Π
2220 1316 2327 1379 ερ-
2366 1310 2402 1349 1⁰

348 1406 382 1461 3
415 1397 599 1477 τίναξ
629 1393 704 1463 δὲ
733 1396 799 1474 ἐς
826 1389 900 1462 τὸ
928 1391 1383 1482 στρατόπεδον
1409 1392 1833 1481 βασιλεύσων
1858 1390 2105 1465 ἄπεισι.
2185 1398 2334 1461 δια-

417 1496 796 1587 δραμούσης
837 1496 913 1567 δὲ
950 1501 1066 1584 τῆς
1107 1494 1330 1585 φήμης
1378 1500 1506 1575 πᾶς
1561 1492 1598 1566 ὁ
1641 1502 1849 1585 δῆμος
1890 1500 2336 1567 ἐνθουσιῶντι

417 1598 648 1681 ἐοικῶς
688 1599 1188 1688 ἐξεβακχεύετο,
1244 1598 1518 1669 διέθεόν
1570 1627 1677 1685 τε,
1732 1603 1845 1669 καὶ
1896 1618 2033 1681 τοῖς
2069 1606 2339 1679 οἰκείοις

417 1708 690 1784 ἕκαστος
716 1709 970 1794 χαίρων
999 1702 1375 1791 διήγγελλε,
1389 1704 1503 1771 καὶ
1522 1703 1807 1791 μάλιστα
1831 1720 1968 1785 τοῖς
1999 1700 2106 1775 ἐπ’
2138 1698 2333 1785 ἀξιώ-

418 1828 588 1887 σεως
637 1801 680 1895 ἢ
719 1810 1096 1886 πλουσίοις·
1165 1808 1449 1886 ἐκείνοις
1490 1803 1618 1898 γὰρ
1658 1808 1771 1875 καὶ
1813 1806 2335 1897 ἐπιβουλεύοντα
2365 1824 2399 1866 ¹⁵

345 1920 355 1929 ‘
418 1909 673 2002 ᾔδεσαν
699 1906 818 1980 τὸν
842 1908 1226 1999 Κόμμοδον.
1286 1908 1491 1979 ἔθεόν
1516 1937 1589 1979 τε
1627 1916 1789 2001 περί
1817 1938 1891 1980 τε
1930 1908 2010 1981 τὰ
2054 1906 2202 2000 ίερά
2231 1910 2340 1979 καὶ

361 2026 396 2081 4
423 2011 724 2103 βωμούς,
751 2010 1019 2103 χάριτας
1045 2023 1234 2093 θεοῖς
1263 2008 1761 2101 ὁμολογοῦντες.
1844 2013 2061 2102 ἐβόων
2088 2013 2162 2083 δὲ
2193 2012 2336 2083 διά-

421 2144 633 2206 φορα,
661 2122 730 2185 οἳ
765 2115 890 2203 μὲν
931 2126 1221 2195 κεῖσθαι,
1241 2114 1363 2185 τὸν
1404 2114 1743 2204 τύραννον
1781 2119 2119 2204 λέγοντες,
2158 2122 2228 2185 οἳ
2268 2116 2339 2185 δὲ

419 2216 539 2287 τὸν
565 2217 974 2307 μονομάχον,
1014 2216 1205 2289 ἄλλοι
1246 2218 1320 2288 δὲ
1362 2215 1822 2309 ἆπρεπέστερα
1859 2224 2334 2309 βλασφημοῦν-

421 2350 528 2403 τες
545 2343 560 2357 ·
590 2322 702 2391 καὶ
729 2318 852 2391 ὅσα
879 2320 1205 2412 πρότερον
1233 2324 1497 2409 ἐπεῖχεν
1525 2316 1561 2390 ὁ
1590 2321 1799 2411 φόβος
1826 2322 2105 2412 ῥήματα,
2132 2327 2337 2391 ταῦτα
2361 2340 2402 2381 2⁰

424 2425 885 2515 προελθούσης
923 2422 1152 2506 ἀδείας
1187 2426 1302 2494 καὶ
1344 2427 1735 2516 ἐλευθερίας
1774 2428 2022 2517 ῥᾳδίως
2060 2428 2334 2513 ἐλέγετο.

375 2559 382 2569 ·
425 2538 736 2599 πλεῖστον
764 2525 847 2618 δὴ
874 2534 997 2598 τοῦ
1024 2528 1243 2618 δήμου
1283 2529 1563 2597 συνέθει
1604 2528 1831 2621 δρόμῳ
1871 2531 1981 2601 ἐπὶ
2022 2525 2096 2599 τὸ
2136 2550 2331 2619 στρα-

422 2630 742 2703 τόπεδον·
780 2628 1138 2720 ἠπείγοντο
1166 2630 1243 2700 δὲ
1271 2629 1553 2718 μάλιστα
1595 2632 1891 2713 δεδιότες
1916 2631 2010 2721 μή
2036 2659 2177 2711 πως
2217 2630 2338 2721 ἄρα

427 2740 496 2805 οἱ
527 2739 922 2824 στρατιῶται
949 2732 1393 2824 ὀκνηρότερον
1420 2729 1854 2804 ὑπακούσωσι
1892 2740 1975 2824 τῇ
2014 2740 2135 2805 τοῦ
2160 2744 2335 2825 Περ-

371 2857 404 2909 5
431 2845 699 2917 τίνακος
737 2834 927 2927 ἀρχῇ.
1033 2838 1359 2925 ἐσομένην
1397 2834 1524 2929 γὰρ
1566 2838 1889 2928 σώφρονα
1929 2836 2019 2928 μὴ
2062 2838 2244 2909 πάνυ
2281 2864 2337 2907 τι
2362 2860 2401 2903 2⁵

429 2938 884 3023 ἀποδέξασθαι
909 2936 1064 3019 τοὺς
1091 2939 1495 3030 στρατιώτας
1514 2940 1969 3032 προσεδόκων,
1990 2946 2339 3031 τυραννίδι

431 3043 783 3115 δουλεύειν
811 3039 1609 3135 ειῖθισμένους,ιᾶρπαγαῖς
1635 3072 1708 3114 τε
1727 3046 1839 3114 καὶ
1859 3052 2038 3134 βίαις
2066 3048 2337 3133 ἐγγεγυ-

431 3150 870 3237 μνασμένους.
925 3144 1017 3215 ἵν’
1049 3137 1177 3215 οὖν
1203 3144 1452 3228 αὐτούς
1490 3145 1906 3235 ἐκβιάσοιντο
1946 3144 2339 3235 ὑπακοῦσαι,

432 3251 767 3338 πανδημεὶ
791 3254 1160 3337 συνῆλθον.
1232 3253 1377 3321 ἐπεὶ
1411 3250 1487 3319 δὲ
1514 3252 1821 3339 ἐγένοντο
1850 3254 1925 3321 ἐν
1949 3258 2045 3345 τῶ
2070 3273 2335 3341 στρατο-

331 3435 335 3441 ,
433 3354 616 3444 πέδῳ
634 3402 653 3437 ,
705 3346 742 3419 ὁ
775 3351 1018 3431 Λαῖτός
1064 3379 1139 3421 τε
1175 3355 1288 3423 καὶ
1320 3351 1673 3435 ’Ἑκλεκτος
1712 3359 2035 3447 εἰσῆλθον
2070 3352 2336 3441 ἄγοντες
2362 3382 2401 3423 aa

433 3451 551 3522 τὸν
588 3460 969 3543 Περτίνακα
987 3476 1002 3491 ·
1058 3459 1471 3545 συγκαλέσας
1518 3485 1593 3527 τε
1644 3456 1803 3539 τούς
1854 3457 2257 3547 στρατιώτας
2304 3452 2336 3527 ὁ

433 3562 674 3635 Δαῖτος
700 3558 877 3638 ἔλεξε
902 3556 1146 3629 τοιάδε.
