2475 3859
465 92 546 153 92
1262 94 1569 153 TPITON

466 263 594 353 ἐγω
625 265 700 333 δὲ
727 260 1110 352 ὑπεσχόμην
1138 266 1297 352 μέν,
1340 260 1520 345 ὅπως
1552 262 1641 353 μὴ
1682 266 1845 353 ἐμοῦ
1886 260 1961 333 τὸ
2002 268 2203 351 ἔργον
2242 289 2373 331 πα-

466 371 952 457 ραιτησαμένου
979 363 1158 460 ἄλλῳ
1184 370 1570 457 ἐγχειρισθῇ
1588 391 1602 404 ·
1633 369 1743 437 σοὶ
1785 366 1861 436 δὲ
1898 372 2105 435 ταῦτα
2146 366 2373 453 δηλώ-

401 492 438 546 3
467 496 607 543 σων
633 468 806 560 ἥκω,
837 466 925 550 ὥς
964 464 1052 539 ἂν
1086 469 1175 559 μὴ
1215 470 1397 561 λάθῃ
1435 467 1515 540 τὰ
1552 466 1991 559 τολμώμενα.”
2096 468 2375 538 τοιαῦτά

463 604 614 646 τινα
650 576 955 662 λέγοντος
1003 569 1214 643 αὑτοῦ
1259 576 1373 643 καὶ
1410 573 1817 664 δακρύοντος
1860 570 1985 642 οὐκ
2032 569 2290 653 εὐθέως
2334 566 2375 640 ὁ

461 685 752 766 Σεεῆρος
777 680 1184 763 ἐπίστευσεν,
1203 673 1354 746 ἄλλ’
1387 672 1501 745 ἅτε
1528 675 1701 746 πολὺ
1730 684 1901 763 ἔχων
1918 678 1993 745 ἐν
2019 691 2154 755 τοῖς
2170 677 2371 761 στέρ-
2404 700 2425 739 ⁵

461 809 603 861 νοις
629 777 702 848 τὸ
730 784 1164 849 Πλαυτιανοῦ
1191 786 1497 869 φίλτρον,
1524 779 1865 868 συσκευήν
1891 806 2039 849 τινα
2064 780 2175 846 καὶ
2200 801 2375 864 σκη-

461 882 590 971 νὴν
617 879 688 951 τὸ
728 889 997 970 πρᾶγμα
1023 878 1493 971 ὑπώπτευσεν,
1522 878 1745 971 ἡγεῖτό
1785 908 1857 951 τε
1894 879 2014 951 τὸν
2054 879 2205 951 υίόν
2240 875 2373 949 αὑ-

458 992 580 1055 τοῦ
609 992 794 1073 ἔχθει
831 991 924 1077 τῷ
950 991 1380 1054 Πλαυτιανοῦ
1414 988 1529 1053 καὶ
1565 993 1745 1073 μίσει
1782 992 1895 1073 τῆς
1936 986 2197 1053 ἐκείνου
2230 994 2373 1051 θυ-

461 1086 700 1178 γατρὸς
729 1084 1084 1177 εὑρηκέναι
1127 1086 1279 1157 τινά
1306 1090 1545 1177 τέχνην
1576 1085 1723 1159 κατ’
1756 1085 1966 1157 αὐτοῦ
1994 1088 2105 1156 καὶ
2134 1092 2368 1175 διαβο-

400 1215 438 1267 4
463 1190 588 1279 λὴν
649 1191 1148 1280 θανατηφόρον.
1256 1192 1845 1281 μεταπεμψάμενος
1908 1188 1983 1259 δὲ
2044 1188 2161 1259 τὸν
2210 1188 2368 1259 υἱὸν
2400 1220 2440 1259 1⁰

456 1292 684 1385 ᾐτιᾶτο
723 1289 812 1375 ὥς
847 1301 1122 1363 τοιαῦτα
1157 1294 1645 1378 συσκευάζονται
1687 1289 1833 1364 κατ’
1880 1290 2126 1381 ἀνδρὸς
2158 1290 2367 1361 εὔνου

457 1399 571 1467 καὶ
601 1403 872 1466 οἰκείου.
931 1392 966 1465 ὅ
1003 1397 1075 1467 δὲ
1107 1393 1500 1477 Ἀντωνῖνος
1525 1396 1605 1466 τὰ
1632 1397 1755 1486 μὲν
1783 1403 2011 1485 πρῶτα
2042 1393 2369 1483 ἀπώμνυ-

457 1529 562 1587 το,
592 1497 751 1588 μηδ’
795 1502 1041 1569 εἰδέναι
1069 1499 1351 1588 φάσκων
1384 1500 1464 1570 τὰ
1490 1500 1815 1590 λεγόμενα
1834 1520 1847 1533 ·
1878 1502 2265 1587 ἐγκειμένου
2294 1500 2371 1569 δὲ

455 1610 578 1674 τοῦ
603 1602 946 1691 χιλιάρχου
972 1605 1084 1673 καὶ
1115 1601 1188 1671 τὸ
1227 1620 1677 1692 γραμματεῖον
1702 1602 2125 1682 δεικνύοντος
2156 1628 2369 1691 παρε-

454 1707 764 1797 θάρσυνε
799 1734 869 1775 τε
899 1703 1109 1775 αὐτὸν
1155 1709 1267 1776 καὶ
1306 1706 1729 1795 προύτρεπεν
1770 1710 1835 1786 ἐς
1870 1702 2029 1785 τούς
2056 1700 2369 1793 ἐλέγχους
2397 1732 2437 1773 15

451 1808 490 1879 ὁ
523 1806 936 1891 Ἀντωνῖνος.
990 1805 1025 1879 ὃ
1055 1811 1129 1881 δὲ
1153 1810 1492 1899 χιλιάρχης
1517 1807 1697 1900 ὁρῶν
1739 1813 1805 1891 ἐς
1843 1805 2003 1879 ὅσον
2042 1815 2371 1877 κίνδυνον

451 1910 600 2001 ἥκει
619 1966 638 2002 ,
669 1912 906 1994 δεδιως
933 1940 1004 1983 τε
1031 1912 1154 2001 τὴν
1181 1913 1350 2000 πρὸς
1374 1913 1494 1983 τὸν
1518 1910 1949 1983 Πλαυτιανὸν
1986 1918 2107 1980 τοῦ
2146 1912 2363 2001 Σεεή-

453 2043 580 2104 ρου
609 2010 915 2104 εὔνοιαν,
947 2015 1377 2103 ἐπιστάμενός
1406 2043 1477 2085 τε
1509 2013 1617 2104 ὥς,
1648 2022 1711 2085 εἰ
1736 2012 1934 2086 λάθοι
1962 2007 2359 2102 ἡ-ζέπιβουλὴ

453 2119 567 2187 καὶ
596 2116 684 2206 μὴ
713 2120 1096 2208 ἐλεγχθείη,
1135 2115 1423 2207 ὄλεθρος
1462 2116 1644 2211 αὐτῷ
1672 2117 1795 2207 οὐχ
1836 2114 1871 2187 ὁ
1911 2115 2132 2205 τυχων
2160 2118 2368 2206 ἐπήρ-

391 2238 426 2288 5
459 2248 666 2308 τηται,
685 2215 842 2290 “καὶ
867 2217 1048 2290 τίνα”
1081 2229 1232 2309 ἔφη,
1254 2210 1356 2289 “οἶ
1396 2224 1707 2291 δέσποται
1727 2274 1746 2310 ,
1788 2228 2058 2309 ἔλεγχον
2098 2228 2365 2307 μείζονα
2387 2252 2436 2292 w

450 2322 819 2412 βούλεσθε,
850 2319 895 2411 ἦ
932 2330 1132 2393 ποίαν
1173 2320 1517 2407 ἀπόδειξιν
1548 2325 2055 2414 φανερωτέραν;
2092 2326 2363 2411 ἐπιτρέ-

447 2441 614 2507 ψατε
641 2422 769 2513 γὰρ
799 2426 882 2513 δή
909 2424 1050 2513 μοι”
1085 2435 1212 2516 ἔφη
1231 2422 1679 2517 “προελθόντι
1710 2435 1845 2497 τῶν
1874 2432 2233 2515 βασιλείων
2254 2426 2366 2495 διά

448 2555 628 2609 τινος
671 2535 806 2597 τῶν
843 2532 988 2616 ἐμοὶ
1014 2538 1270 2601 πιστῶν
1301 2536 1594 2621 δηλῶσαι
1632 2527 1735 2601 ὅτι
1776 2528 1861 2619 δὴ
1898 2527 1973 2599 τὸ
2012 2534 2213 2617 ἔργον
2242 2556 2365 2599 κα-

447 2638 848 2719 τείργασται.
925 2627 966 2700 3
1004 2633 1078 2703 δὲ
1127 2631 1430 2721 ἀφίξεται
1472 2634 1863 2720 πιστεύσας,
1908 2634 2021 2701 καὶ
2063 2632 2365 2720 οἰόμενος

449 2742 660 2823 ἔρημα
685 2732 765 2803 τὰ
790 2743 1094 2823 βασίλεια
1132 2738 1651 2825 καταλήψεσθαι.
1710 2733 1871 2805 ὅταν
1910 2736 1986 2805 δὲ
2014 2731 2357 2824 ἀφίκηται,
2390 2768 2434 2809 25

447 2834 774 2926 ὑμέτερον
815 2834 948 2926 ἤδη
994 2845 1192 2928 ἔργον
1223 2836 1450 2929 εὑρεῖν
1490 2836 1612 2928 τὴν
1646 2835 1991 2929 ἀλήθειαν.
2072 2834 2359 2926 ἡσυχίαν

447 2940 524 3009 δὲ
559 2940 732 3009 εἶναι
759 2939 1015 3029 πολλὴν
1041 2939 1172 3010 άνὰ
1198 2941 1279 3011 τὰ
1304 2950 1607 3031 βασίλεια
1634 2942 2022 3030 κελεύσατε,
2060 2937 2242 3022 ὅπως
2269 2940 2357 3029 μὴ

444 3042 522 3112 τὸ
549 3044 1006 3135 πραττόμενον
1033 3046 1479 3134 προγνωσθὲν
1501 3041 1899 3136 άνατραπῇ.”

382 3171 418 3224 6
647 3153 856 3217 ταῦτα
897 3145 1105 3217 εἰπών
1146 3150 1523 3217 ἐντέλλεταί
1566 3175 1699 3217 τινι
1751 3155 1887 3217 τῶν
1944 3145 2353 3215 πιστοτάτων

445 3250 660 3340 ἑαυτῷ
690 3245 992 3335 ἀγγεῖλαι
1014 3256 1418 3344 Πλαυτιανῷ
1450 3248 1642 3338 ἥκειν
1671 3248 1794 3338 τὴν
1819 3255 2159 3335 ταχίστην·
2206 3264 2349 3317 κεῖ-
2379 3276 2423 3317 ³⁰

445 3358 608 3417 σθαι
634 3347 761 3437 γὰρ
791 3346 1210 3438 ἀμφοτέρους
1233 3351 1393 3433 τοὺς
1430 3354 1774 3442 βασιλέας,
1816 3352 1927 3421 καὶ
1962 3354 2107 3419 δεῖν
2144 3345 2353 3419 αὑτὸν

446 3455 647 3519 ἔνδον
675 3450 844 3521 εἶναι
883 3454 1044 3542 πρὶν
1083 3461 1375 3525 ἔκπυστα
1407 3462 1499 3547 τῷ
1542 3452 1729 3547 δήμῳ
1758 3455 2105 3541 γενέσθαι,
2140 3447 2228 3533 ὡς
2266 3448 2349 3521 ἂν
