2475 3859
531 118 557 176 1
574 116 648 179 16
1266 122 1703 185 ΤΕΤΑΡΤΟΝ

517 290 910 384 Ἀρσακίδας
926 316 941 331 ·
971 294 1084 363 καὶ
1110 290 1200 383 μὴ
1227 298 1375 363 δεῖν
1390 296 1755 385 μηδέτερον
1779 296 1972 383 γένος
1996 295 2443 367 νοθεύεσθαι.

431 411 500 472 11
527 395 608 467 τὰ
647 399 770 487 μὲν
810 388 940 468 οὖν
983 404 1211 487 πρῶτα
1260 396 1535 468 τοιαῦτά
1575 426 1723 467 τινα
1770 401 2173 470 ἐπιστέλλων
2218 428 2442 491 παρῃ-

525 516 727 571 τεῖτο·
759 502 1147 590 ἐγκειμένου
1166 500 1245 570 δὲ
1272 507 1393 571 τοῦ
1439 496 1873 589 Ἀντωνίνου,
1902 503 2141 592 δω’ροις
2164 530 2245 573 τε
2275 516 2443 574 πολ-

521 614 662 686 λοῖς
689 606 802 675 καὶ
833 601 1057 693 ὅρκοις
1083 602 1206 692 τήν
1244 602 1410 694 πρὸς
1451 602 1573 673 τὸν
1604 604 1819 692 γάμον
1856 605 2163 695 σπουδήν
2212 634 2293 675 τε
2332 610 2442 676 καὶ

523 706 800 778 εὔνοιαν
833 708 1315 795 πιστουμένου,
1343 713 1651 777 πείθεται
1678 704 1713 775 ὁ
1748 708 2117 799 βάρβαρος,
2146 712 2271 779 καὶ
2300 712 2435 779 δῶ·
2464 728 2475 765 ⁵

522 834 670 883 σειν
695 838 766 883 τε
791 806 1225 898 ὑπισχνεῖται,
1254 818 1448 879 καλεῖ
1470 836 1541 879 τε
1567 810 1871 898 γαμβρὸν
1906 811 2251 899 ἐσόμενον.
2291 819 2439 882 δια-

521 912 902 1004 δραμούσης
928 913 1003 982 δὲ
1029 920 1144 1002 τῆς
1172 912 1395 1001 φήμης
1432 918 1501 982 οἰ
1538 914 1661 1001 μὲν
1687 913 2013 1003 βάρβαροι
2050 911 2439 1005 εὐτρέπιζον

521 1016 738 1089 πάντα
766 1018 832 1097 ἐς
861 1012 986 1105 τὴν
1013 1013 1353 1104 ὑποδοχὴν
1378 1023 1499 1085 τοῦ
1530 1012 1864 1103 Ῥωμαίων
1881 1020 2227 1105 βασιλέως,
2262 1026 2437 1106 ἔχαι-

464 1142 498 1195 2
525 1121 648 1209 ρόν
673 1146 746 1189 τε
785 1119 1051 1209 εἰρήνης
1093 1126 1376 1189 αἰωνίου
1416 1122 1667 1188 ἐλπίδι·
1700 1114 1735 1188 ὁ
1762 1116 1829 1189 δ’
1860 1118 2259 1202 Ἀντωνῖνος
2292 1128 2435 1191 δια-

523 1221 646 1312 βὰς
671 1220 830 1305 τοὺς
855 1220 1192 1310 ποταμοὺς
1217 1219 1607 1309 ἀκωλύτως,
1642 1222 1980 1303 εἰσελάσας
2004 1226 2070 1304 ἐς
2096 1221 2221 1313 τὴν
2238 1232 2428 1310 Παρ-
2459 1251 2475 1288 ι

523 1332 792 1397 θυαίων
835 1332 964 1415 γῆν
1001 1321 1091 1406 ῶς
1129 1330 1313 1394 ἰδίαν
1348 1321 1511 1414 ἤδη,
1560 1333 1900 1415 πανταχοῦ
1942 1334 2209 1396 θυσιῶν
2254 1325 2433 1419 αὐτῷ

521 1432 1040 1519 προσαγομένων
1067 1436 1313 1516 βωμῶν
1338 1456 1409 1497 τε
1436 1430 1883 1516 έστεμμένων,
1926 1425 2301 1518 ἀρωμάτων
2326 1432 2431 1499 καὶ

523 1533 963 1621 θυμιαμάτων
989 1538 1327 1601 παντοίων
1364 1534 1959 1621 προσφερομένων,
2000 1539 2261 1623 χαίρειν
2302 1549 2428 1613 τοῖς

523 1637 894 1725 γινομένοις
933 1630 1068 1705 ὑπὸ
1105 1641 1245 1705 τῶν
1284 1632 1645 1723 βαρβάρων
1685 1651 2158 1722 προσεποιεῖτο.
2226 1632 2320 1717 ῶς
2358 1636 2429 1704 δὲ

524 1737 955 1829 προχωρήσας
995 1737 1070 1807 τό
1109 1765 1182 1807 τε
1237 1746 1553 1808 πλεῖστον
1595 1744 1711 1826 τῆς
1750 1734 2134 1827 ὁδοιπορίας
2177 1733 2423 1818 ἀνύσας
2454 1772 2475 1809 ιε

521 1840 652 1931 ἤδη
679 1856 814 1924 τοῖς
849 1848 1206 1931 βασιλείοις
1242 1848 1363 1910 τοῦ
1396 1838 1803 1929 Ἀρταβάνου
1845 1845 2265 1929 ἐπλησίαζεν,
2308 1839 2425 1910 οὐκ

525 1942 884 2035 ἀναμείνας
921 1941 958 2014 ὁ
992 1943 1393 2033 Ἀρτάβανος
1434 1940 1763 2031 ὑπήντετο
1806 1940 1987 2037 αὐτῷ
2026 1947 2101 2013 ἐν
2152 1951 2248 2035 τῷ
2302 1944 2423 2033 πρὸ

526 2057 642 2136 τῆς
667 2048 922 2129 πόλεως
945 2052 1157 2139 πεδίῳ
1175 2099 1192 2133 ,
1223 2045 1645 2133 δεξιούμενος
1671 2055 1973 2137 νυμφίον
2000 2046 2123 2135 μὲν
2154 2055 2271 2135 τῆς
2294 2058 2423 2116 θυ-

465 2164 501 2218 3
533 2149 770 2239 γατρὸς
801 2147 1102 2238 γαμβρὸν
1147 2150 1222 2219 δὲ
1263 2146 1491 2219 αὑτοῦ.
1594 2156 1730 2219 πᾶν
1770 2150 1847 2221 δὲ
1886 2148 1961 2219 τὸ
1998 2156 2255 2239 πλῆθος
2296 2158 2425 2219 τῶν

526 2251 888 2342 βαρβάρων
939 2249 1178 2321 ἄνθεσι
1242 2267 1378 2332 τοῖς
1440 2255 1818 2342 ἐπιχωρίοις
1883 2257 2415 2343 κατεστεμμένον,
2446 2282 2475 2320 21

527 2358 767 2443 ἐσθῆτί
787 2381 859 2423 τε
883 2361 1109 2447 χρυσῷ
1135 2355 1249 2424 καὶ
1277 2364 1525 2444 βαφαῖς
1564 2356 1917 2447 διαφόροις
1954 2359 2421 2446 πεποικιλμένη

527 2459 1041 2545 κεκοσμημένον,
1069 2457 1369 2546 ἑώρταζε,
1401 2457 1565 2546 πρός
1591 2486 1664 2529 τε
1688 2456 1941 2540 αὐλοὺς
1967 2462 2079 2528 καὶ
2104 2458 2421 2549 σύριγγας

525 2559 890 2648 τυμπάνων
936 2586 1008 2629 τε
1044 2556 1247 2648 ἤχους
1301 2564 1623 2649 ἐσκίρτων
1674 2560 2065 2651 εὐρύθμως·
2122 2570 2421 2653 χαίρουσι

517 2662 654 2753 ,γὰρ
705 2662 1020 2753 τοιαύτην
1063 2661 1214 2733 τινὰ
1254 2661 1529 2754 ὄρχησιν
1570 2666 1983 2755 κινούμενοι,
2024 2664 2193 2735 ἐπὰν
2234 2676 2419 2737 οἰνου

466 2782 502 2835 4
529 2774 836 2848 πλείονος
866 2770 1362 2855 ἐμφορηθῶσιν.
1419 2763 1508 2848 ῶς
1536 2768 1612 2838 δὲ
1638 2775 1773 2839 πᾶν
1798 2774 2098 2857 συνῆλθε
2138 2765 2213 2837 τὸ
2249 2775 2413 2856 πλῆ-
2442 2792 2475 2833 κ

527 2880 686 2957 θος,
715 2878 853 2941 τῶν
884 2898 956 2939 τε
981 2875 1203 2940 ἵππων
1231 2869 1603 2959 ἀπέβησαν,
1644 2873 1974 2960 φαρέτρας
2012 2898 2085 2941 τε
2122 2872 2233 2939 καὶ
2270 2871 2415 2952 τόξα

528 2970 934 3062 ἀποθέμενοι
961 2977 1114 3061 περὶ
1141 2972 1437 3055 σπονδὰς
1462 2977 1573 3043 καὶ
1592 2972 1864 3054 κύλικας
1892 2973 2086 3061 εἰχον.
2116 2981 2416 3043 πλεῖστον

529 3076 604 3145 δὲ
643 3083 900 3165 πλῆθος
935 3083 1070 3145 τῶν
1110 3078 1472 3168 βαρβάρων
1513 3074 1866 3166 ἤθροιστο,
1903 3078 2015 3147 καὶ
2062 3072 2151 3157 ῶς
2192 3082 2413 3163 ἔτυχεν

530 3176 823 3261 ἀτάκτως
851 3180 1271 3268 εἱστήκεσαν,
1314 3178 1517 3249 οὐδὲν
1561 3181 1683 3268 μὲν
1708 3177 1959 3250 ἄτοπον
1994 3184 2413 3266 προσδοκῶν-

472 3296 503 3346 5
531 3310 670 3369 τες,
701 3281 1017 3351 σπεύδων
1045 3283 1119 3350 δὲ
1147 3284 1412 3361 ἕκαστος
1442 3287 1613 3350 ἰδεῖν
1639 3280 1757 3351 τὸν
1786 3288 2099 3372 νυμφίον.
2138 3281 2281 3351 τότε
2305 3278 2409 3369 ὑφ’
2442 3310 2475 3349 κ

531 3386 634 3452 ἑνὶ
659 3384 1040 3472 συνθήματι
1065 3382 1323 3454 κελεύει
1364 3380 1401 3452 ὁ
1432 3379 1820 3466 Ἀντωνῖνος
1856 3392 1947 3479 τῷ
1990 3391 2139 3477 ἰδίῳ
2168 3389 2414 3475 στρατῷ

531 3487 918 3573 ἐπιδραμεῖν
949 3489 1060 3555 καὶ
1089 3484 1406 3573 φονεύειν
1433 3483 1589 3567 τοὺς
1614 3486 2011 3577 βαρβάρους.
2064 3490 2415 3574 ἐκπλαγέν-
