2475 3859
914 182 1084 243 ΠΡΩ,
1091 184 1267 245 ΤΟΝ
1960 181 2041 245 25

106 358 242 423 τοῦ
271 359 776 443 στρατιωτικοῦ.
829 348 874 422 ἃ
901 353 977 423 δὲ
1003 352 1168 445 πρὸς
1194 352 1482 443 μηδενὸς
1504 354 1867 446 βαρβάρων
1891 362 2038 426 πεί-

107 468 370 527 σεσθαι
397 462 932 547 προσεδοκῶμεν,
959 464 1170 527 ταῦτα
1199 463 1455 549 δρῶσιν
1478 453 1651 547 ἡμᾶς
1676 464 1746 528 οἰ
1765 465 2002 529 οίκεῖοι
2020 481 2037 497 ’

109 563 232 630 καὶ
259 556 384 641 οὓς
410 561 692 650 μάλιστα
720 557 1194 651 εὐηργέτησας,
1233 560 1513 641 τούτους
1538 560 1823 653 ἐχθροὺς
1850 569 2039 652 ἔχεις.

108 666 513 754 Κλέανδρος
541 665 649 734 ἐπὶ
675 664 750 733 σὲ
776 664 896 735 τόν
932 692 1005 734 τε
1045 670 1259 753 δῆμον
1300 666 1414 734 καὶ
1450 662 1525 735 τὸ
1564 664 2037 756 στρατιωτικὸν
2064 679 2101 733 3

65 792 86 833 5
116 764 426 837 ὥπλισεν
443 789 459 803 ·
491 771 562 837 ἐκ
592 767 667 837 δὲ
695 766 1026 859 διαφόρου
1065 770 1179 837 καὶ
1205 770 1511 848 ἐναντίας
1524 769 1803 861 γνώμης
1828 777 1899 840 οἳ
1920 770 2043 860 μὶν

112 876 478 959 μισοῦντες
505 868 747 955 αὐτόν,
777 866 812 939 ὁ
843 877 1084 961 δῆμος,
1113 879 1182 941 οἳ
1220 872 1296 941 δὲ
1334 879 1753 961 στέργοντες,
1794 877 1931 943 πᾶν
1967 871 2043 943 τὸ

113 972 406 1044 ἱππικὸν
430 974 673 1063 τάγμα,
705 978 780 1044 ἐν
805 970 1034 1056 ὅπλοις
1061 980 1225 1062 εἰσί,
1266 976 1381 1045 καὶ
1408 982 1809 1067 φθείροντες
1835 973 2037 1065 ἀλλή-

112 1088 282 1159 λους
311 1080 644 1167 ἐμφυλίου
671 1082 944 1165 αἵματος
978 1076 1104 1169 τὴν
1130 1074 1383 1167 Ῥώμην
1410 1078 1823 1170 ἐπλήρωσαν.
1860 1078 1944 1150 τὰ
1972 1077 2037 1149 δ’

117 1182 444 1271 ἑκατέρου
469 1187 591 1251 τοῦ
619 1180 927 1270 πλήθους
948 1179 1139 1252 δεινοὶ
1163 1178 1333 1272 ἡμᾶς
1360 1181 1834 1273 προσλήψεται,
1866 1190 1929 1253 εἰ
1951 1180 2041 1273 μὴ

65 1312 84 1353 υ
114 1283 247 1374 τὴν
273 1292 590 1374 ταχίστην
629 1283 795 1375 πρὸς
833 1285 1136 1375 θάνατον
1173 1284 1491 1367 ἐκδώσεις
1531 1286 1827 1378 πονηρὸν
1862 1289 2039 1369 οίκέ-

115 1416 282 1477 την,
311 1384 605 1477 ὀλέθρου
631 1385 956 1459 τοσούτου
981 1404 1120 1470 τοῖς
1146 1390 1271 1479 μὲν
1296 1400 1515 1461 αἴτιον
1540 1388 1669 1481 ἤδη
1698 1390 2043 1479 γεγονότα,

116 1488 288 1581 ἡμῖν
326 1490 403 1561 δὲ
446 1491 767 1580 ἐσόμενον
804 1488 965 1562 ὅσον
1001 1490 1326 1563 οὗδέπω.”
1413 1494 1687 1564 τοιαῦτά
1736 1522 1889 1564 τινα
1942 1500 2035 1565 εἰ·
2066 1508 2104 1563 4

119 1600 379 1679 ποῦσα,
409 1597 740 1684 ῥηξαμένη
767 1620 840 1665 τε
880 1593 1006 1686 τὴν
1034 1600 1321 1686 ἐσθῆτα,
1364 1598 1477 1667 καὶ
1514 1603 1653 1668 τῶν
1690 1597 2044 1689 παρόντων

119 1698 304 1778 τινὲς
345 1698 810 1789 θαρρήσαντες
859 1714 998 1779 τοῖς
1038 1704 1158 1788 τῆς
1205 1698 1505 1789 ἀδελφῆς
1546 1706 1671 1771 τοῦ
1719 1703 2045 1790 βασιλέως

66 1822 90 1863 5
122 1801 348 1889 λόγοις
374 1798 493 1871 τὸν
505 1801 868 1891 Κόμμοδον
895 1801 1237 1891 ἐτάραξαν.
1296 1805 1646 1890 ἐκπλαγεὶς
1666 1804 1739 1874 δὲ
1769 1807 2042 1889 ἐκεῖνος,

121 1904 242 1975 τόν
279 1932 352 1974 τε
392 1907 814 1994 ἐπικείμενον
849 1910 1178 1975 κίνδυνον
1216 1902 1319 1997 οῦ,
1343 1908 1669 1994 μέλλοντα
1707 1904 1877 1977 ἄλλα
1912 1932 2040 1976 πα-

123 2008 332 2098 ρόντα
357 2005 486 2098 ἤδη
526 2016 890 2098 φοβηθείς,
933 2014 1425 2097 μεταπέμπεται
1466 2006 1585 2079 τὸν
1622 2012 2041 2100 Κλέανδρον,

123 2110 329 2181 οὐδὲν
355 2114 480 2200 μέν
505 2139 568 2181 τι
597 2112 824 2183 είδότα
851 2118 988 2183 τῶν
1016 2109 1541 2201 ἀπηγγελμένων
1556 2164 1575 2199 ,
1606 2112 1915 2202 οἰόμενον
1942 2116 2040 2184 δέ.

125 2214 416 2285 ἐλθόντα
445 2211 506 2283 δ’
539 2212 749 2285 αὐτὸν
775 2222 1257 2306 συλληφθῆναι
1284 2214 1581 2302 κελεύει,
1612 2218 1723 2287 καὶ
1762 2214 1887 2307 τὴν
1925 2215 2045 2287 κεΣ

65 2350 96 2393 ιο
126 2315 349 2407 φαλὴν
374 2315 726 2407 ἀποτεμὼν
754 2318 993 2409 δόρατί
1023 2346 1096 2389 τε
1122 2319 1431 2409 ἐπιμήκει
1451 2319 1903 2411 ἐγκαταπήξας
1930 2324 2038 2391 ἐκ·

125 2423 366 2511 πέμπει
393 2419 688 2510 τερπνὸν
713 2424 828 2491 καὶ
855 2420 1186 2493 ποθεινὸν
1225 2428 1319 2517 τῷ
1361 2422 1549 2516 δήμῳ
1588 2426 1829 2513 θέαμα.
1886 2431 2039 2514 ἔστη
2070 2437 2104 2491 5

125 2522 252 2615 γὰρ
279 2520 452 2593 οὕτω
479 2522 556 2593 τὸ
585 2524 847 2611 δεινόν,
875 2527 988 2595 καὶ
1017 2526 1316 2616 ἑκάτεροι
1354 2531 1801 2614 πολεμοῦντες
1830 2527 2037 2597 ἐπαύ-

126 2650 359 2712 σαντο,
399 2634 470 2697 οἰ
505 2628 630 2716 μὲν
670 2632 1067 2718 στρατιῶται
1103 2626 1527 2720 ἀνῃρημένον
1566 2629 1825 2710 ἰδόντες
1869 2627 2041 2720 ὑπὲρ

126 2721 206 2801 οὗ
236 2728 586 2819 ἐμάχοντο,
619 2734 756 2802 δέει
781 2758 854 2800 τε
893 2737 1008 2820 τῆς
1033 2738 1154 2801 τοῦ
1191 2734 1517 2821 βασιλέως
1555 2728 1756 2823 ὀργῆς
1782 2735 2036 2817 (συνίε-

65 2860 100 2902 25
126 2856 254 2903 σαν
277 2830 404 2922 γὰρ
433 2836 884 2924 ἐξηπατῆσθαι
911 2833 1134 2905 καὶτὰ
1159 2837 1541 2925 δρασθέντα
1568 2833 1747 2925 παρὰ
1764 2836 2040 2925 γνώμην
2077 2874 2081 2877 ·

127 2934 334 3007 αῦτοῦ
358 2940 858 3027 τετολμηκέναι)
879 2959 894 2975 ·
935 2933 974 3007 ὅ
1003 2938 1079 3009 δὲ
1105 2944 1313 3028 δῆμος
1336 2938 1687 3029 κεκόρεστο
1713 2946 2039 3027 τιμωρίαν

127 3038 304 3130 παρὰ
327 3044 450 3109 τοῦ
491 3038 573 3110 τὰ
615 3038 808 3111 δεινὰ
851 3040 1218 3132 δράσαντος
1260 3040 1572 3132 εἰληφώς.
1678 3058 2033 3131 προσανεῖ-
2064 3056 2100 3110 6

127 3154 248 3215 λον
275 3142 348 3215 δὲ
375 3144 490 3212 καὶ
524 3142 682 3225 τοῦς
721 3150 966 3226 παῖδας
1005 3150 1126 3215 τοῦ
1151 3144 1552 3235 Κλεάνδρου
1579 3144 1733 3228 (δύο
1762 3144 1839 3213 δὲ
1865 3137 2039 3235 ἦσαν

129 3244 399 3337 ἄρρενες
425 3244 663 3340 αὐτῷ),
693 3246 946 3329 πάντας
970 3275 1044 3317 τε
1083 3245 1283 3329 ὅσους
1318 3245 1573 3339 ᾔδεσαν
1617 3250 1881 3317 ἐκείνου
1920 3256 2037 3338 φί-

71 3368 108 3411 ³⁰
134 3359 286 3433 λους
311 3349 746 3439 διεχρήσαντο
763 3371 779 3387 ·
822 3350 1139 3443 σύροντές
1162 3379 1237 3421 τε
1260 3350 1343 3421 τὰ
1384 3349 1655 3439 σώματα
1680 3352 1793 3420 καὶ
1819 3358 2043 3422 πᾶσαν

131 3450 327 3543 ῦβριν
377 3455 889 3543 ἐνυβρίσαντες,
957 3456 1144 3535 τέλος
1208 3456 1714 3544 λελωβημένους
1766 3456 1835 3535 ἐς
1884 3452 2043 3536 τοῦς

135 3554 394 3645 ὄχετοῦς
421 3561 708 3647 ἔρριψαν
735 3558 1070 3647 φέροντες.
1109 3558 1388 3652 τοιούτω
1417 3557 1541 3647 μὲν
1557 3555 1653 3649 ’δὴ
1678 3558 1853 3628 τέλει
1865 3560 2037 3629 Κλέ-
