2475 3859
844 140 948 197 TE
957 138 1284 199 TAPTON
1886 138 1915 199 1
1932 138 2001 199 19

85 340 274 401 ματα
327 305 914 398 άποσημηνάμενος
961 306 1124 397 μετὰ
1179 310 1291 379 καὶ
1332 309 1577 398 ἑτέρων
1640 312 2004 383 ἐπιστολῶν

87 417 271 485 κατὰ
297 412 372 485 τὸ
401 420 560 494 ἔθος
587 416 823 481 δίδωσι
853 426 986 493 τοῖς
1017 417 1545 501 διακομίζουσιν,
1584 409 1709 483 οὐκ
1752 411 2003 483 εἰδόσιν

91 516 140 589 ἃ
171 510 478 607 φέρουσι.
545 521 638 608 τῷ
671 514 746 585 δὲ
771 513 1058 603 συνήθει
1083 513 1263 601 τάχει
1288 520 1402 604 τῆς
1428 506 1806 607 ὁδοιπορίας
1828 517 2005 585 ’ἐκεῖ-

91 650 212 692 νοι
267 618 665 708 χρησάμενοι
721 620 1105 699 ἐφίστανται
1156 624 1249 710 τῷ
1296 614 1702 712 Ἀντωνίνῳ,
1756 615 1885 708 ἤδη
1935 645 2005 687 τε

33 751 62 791 5
99 722 364 815 σκευὴν
389 719 666 811 ἡνιόχου
691 717 1078 809 άνειληφότι
1103 722 1218 790 καὶ
1254 726 1375 791 τοῦ
1416 717 1703 811 ἅρματος
1746 725 2007 810 ἐπιβαί-

97 855 295 898 νοντι
323 831 834 917 προσκομίζουσι
862 822 1074 892 πάντα
1117 821 1236 893 τὸν
1276 822 1652 913 σύνδεσμον
1688 831 1825 895 τῶν
1864 827 2008 893 ἐπι-

99 935 402 1015 στολῶν,
423 930 497 997 ἐν
526 922 632 1009 αἶς
657 917 742 1015 ἦν
781 928 893 997 καὶ
925 924 1006 997 τὰ
1043 923 1209 995 κατὰ
1248 934 1609 1016 Μακρίνου
1640 924 2004 1019 γράμματα.

101 1028 140 1103 ὁ
172 1028 241 1103 δ’
271 1028 661 1111 Ἀντωνῖνος
687 1026 810 1118 τὴν
837 1026 1050 1119 ὁρμὴν
1075 1024 1204 1118 ἤδη
1242 1031 1354 1099 καὶ
1390 1027 1514 1119 τὴν
1542 1031 1811 1119 γνώμην
1852 1032 2003 1119 περὶ
2036 1048 2067 1101 7

101 1134 232 1224 τὴν
277 1139 726 1223 ἱπποδρομίαν
765 1138 966 1220 ἔχων,
1009 1132 1271 1203 κελεύει
1319 1139 1411 1227 τῷ
1455 1140 1789 1227 Μακρίνῳ
1840 1130 2005 1203 άπο-

24 1265 71 1304 ιο
105 1237 343 1323 στάντι
375 1239 486 1307 καὶ
527 1235 852 1306 ἰδιάσαντι
893 1238 1190 1323 ἐντυχεῖν
1215 1250 1353 1317 τοῖς
1388 1236 1753 1327 γράμμασι,
1793 1237 1906 1306 καὶ
1950 1245 2017 1305 εἴ

105 1370 170 1411 τι
199 1343 470 1428 ἐπεῖγον
497 1350 633 1428 εἴη,
663 1344 954 1427 δηλῶσαι
981 1334 1197 1433 αὐτῷ,
1240 1345 1305 1410 εἰ
1336 1340 1412 1411 δὲ
1451 1339 1575 1429 μή,
1607 1336 1689 1411 τὰ
1715 1342 1781 1422 ἐξ
1807 1344 2009 1421 ἔθους

105 1440 324 1515 αὐτὸν
359 1448 692 1531 διοικῆσαι
731 1437 819 1522 ῶς
862 1447 1169 1531 ἔπαρχον.
1231 1443 1545 1523 πολλάκις
1572 1444 1646 1515 δὲ
1672 1448 1868 1513 τοῦτο
1895 1468 2009 1511 κε·

109 1546 338 1617 λεύειν
367 1536 454 1633 ἦν
479 1545 773 1633 σύνηθες
799 1540 1000 1635 αὐτῷ.
1065 1545 1178 1615 καὶ
1205 1539 1245 1615 ὃ
1270 1544 1393 1634 μὲν
1418 1553 1624 1616 ταῦτα
1652 1544 2014 1634 προστάξας

113 1660 324 1737 εἴχετο
351 1656 472 1719 τοῦ
509 1650 980 1737 προκειμένου·
1035 1643 1072 1717 ὁ
1111 1646 1186 1717 δὲ
1227 1657 1579 1738 Μακρῖνος
1613 1644 1774 1718 καθ’
1806 1644 2014 1717 αὑτὸν
2036 1665 2072 1718 8

33 1784 80 1827 ιε
114 1751 474 1842 γενόμενος
523 1750 636 1833 τάς
675 1778 747 1821 τε
785 1747 986 1831 ἄλλας
1024 1750 1363 1821 ἐπιλύεται
1401 1750 1774 1839 ἐπιστολάς,
1822 1776 2015 1840 περι-

115 1853 336 1943 τυχῶν
365 1854 440 1925 δὲ
465 1856 579 1925 καὶ
604 1860 684 1944 τῇ
719 1849 880 1925 καθ’
915 1848 1122 1925 αὑτοῦ
1149 1853 1601 1946 θανατηφόρον
1640 1850 1765 1945 ὁρᾷ
1802 1858 2019 1942 προῦ-

117 1986 286 2031 πτον
317 1962 641 2027 κίνδυνον
669 1959 1106 2045 ἐπικείμενον.
1141 1956 1336 2037 εἰδώς
1360 1984 1432 2027 τε
1462 1962 1583 2026 τοῦ
1614 1954 2016 2027 Ἀντωνίνου

118 2060 238 2132 τὸν
265 2058 492 2149 θυμὸν
517 2060 631 2130 καὶ
659 2057 731 2130 τὸ
761 2058 1044 2148 φονικὸν
1070 2061 1178 2129 ἐπὶ
1203 2066 1488 2131 τοιοῖσδε
1513 2059 1876 2151 γράμμασι,
1905 2059 2019 2128 καὶ

122 2163 462 2254 πρόφασιν
493 2159 675 2255 αὐτῷ
715 2157 996 2250 εὔλογον
1033 2157 1493 2255 ὑπάρξουσαν,
1546 2161 1668 2251 τὴν
1709 2162 1834 2251 μὲν
1872 2164 2017 2231 ἐπι-

39 2294 92 2335 m
123 2264 367 2355 στολὴν
393 2263 810 2355 ὑφαιρεῖται,
851 2266 1004 2355 περὶ
1045 2264 1121 2335 δὲ
1157 2273 1293 2336 τῶν
1329 2272 1583 2337 λοιπῶν
1620 2262 2017 2355 ἀπαγγέλλει

125 2367 214 2451 ῶς
241 2368 374 2441 εἶεν
401 2367 742 2457 συνήθεις.
773 2370 1098 2457 φοβηθεὶς
1117 2368 1193 2439 δὲ
1217 2367 1307 2459 μὴ
1334 2372 1447 2439 καὶ
1472 2368 1789 2460 δεύτερον
1814 2373 2021 2439 ταῦτα
2044 2375 2117 2437 13

125 2470 162 2544 ὁ
188 2469 656 2562 Ματερνιανός
695 2474 1061 2560 ἐπιστείλῃ,
1103 2476 1350 2561 δρᾶσαί
1378 2501 1441 2542 τι
1478 2480 1728 2562 μᾶλλον
1770 2469 2022 2560 ἠθέλη-

127 2599 246 2647 σεν
283 2570 328 2664 ἦ
367 2570 727 2662 ἀναμείνας
767 2584 1032 2643 παθεῖν.
1089 2583 1295 2667 τολμᾷ
1333 2576 1416 2664 δή
1456 2604 1517 2645 τι
1560 2582 1885 2646 τοιοῦτον.
1937 2564 2023 2661 ἦν

129 2708 226 2759 τις
265 2676 774 2766 ἑκατοντάρχης,
819 2676 1233 2765 Μαρτιάλιος
1270 2678 1346 2749 δὲ
1378 2675 1587 2767 ὄνομα
1631 2676 1849 2771 αὐτῷ,
1889 2682 2025 2745 τῶν

49 2812 102 2853 25
135 2780 720 2869 σωματοφυλάκων
759 2785 894 2849 τῶν
939 2774 1341 2851 Ἀντωνίνου
1356 2832 1375 2869 ,
1416 2777 1520 2851 ἀεὶ
1574 2778 2027 2871 παρεπόμενος

133 2881 332 2977 αὐτῷ.
388 2882 632 2954 τούτου
659 2880 778 2953 τὸν
803 2878 1100 2970 ἀδελφὸν
1131 2881 1259 2973 πρὸ
1286 2880 1534 2972 ὀλίγων
1568 2880 1832 2973 ἡμερῶν
1858 2876 2025 2972 άνη-

135 2987 321 3079 ρήκει
350 2986 798 3075 διαβληθέντα
835 2985 960 3072 μὲν
989 2981 1116 3054 οὐκ
1156 2988 1553 3075 ἐλεγχθέντα
1580 2988 1688 3056 δέ·
1740 2980 1921 3077 αὐτῷ
1957 3010 2029 3053 τε

137 3098 224 3183 τῷ
255 3095 648 3181 Μαρτιαλίῳ
683 3088 1056 3177 ἐνύβρισεν,
1093 3083 1429 3179 ἄνανδρον
1456 3084 1663 3159 αὐτὸν
1691 3089 1803 3158 καὶ
1830 3084 2030 3175 ἆγεν-

137 3200 218 3282 νῆ
243 3199 468 3263 καλῶν
493 3193 604 3261 καὶ
629 3197 990 3280 Μακρίνου
1021 3200 1240 3279 φίλον.
1341 3199 1579 3263 τοῦτον
1604 3189 2027 3278 ἐπιστάμενος
2046 3214 2081 3267 2

61 3324 110 3365 α)
143 3293 552 3385 &Manet-2209
593 3290 928 3384 ἆλγοῦντά
957 3321 1030 3364 τε
1066 3300 1379 3386 σφοδρῶς
1414 3297 1521 3365 ἐπὶ
1560 3301 1639 3384 τῇ
1672 3300 1791 3365 τοῦ
1830 3290 2030 3363 ἀδελ-

143 3406 276 3487 φοῦ
311 3396 682 3487 ἀναιρέσει,
711 3394 802 3485 μὴ
841 3397 1132 3487 φέροντά
1169 3426 1242 3469 τε
1285 3395 1401 3479 τὰς
1438 3403 1504 3479 ἐς
1536 3394 1744 3469 αὑτὸν
1783 3391 2031 3485 ὕβρεις,

141 3504 618 3592 μεταπέμπεται
645 3500 942 3590 (ἐθάρρει
968 3501 1043 3571 δὲ
1061 3497 1243 3596 αὐτῷ
1266 3501 1721 3594 θεραπεύοντί
1740 3526 1811 3571 τε
1831 3495 2037 3570 αὐτὸν
