2475 3859
825 186 1265 246 TETAPTON
1868 185 1978 245 101

59 355 307 446 τηκότι
333 357 443 427 ἐπὶ
468 361 778 444 μεγίστης
815 359 1249 445 ἐλεφαντίνης
1277 365 1538 446 κλίνης,
1574 360 1639 438 ἐς
1664 353 1835 439 ὕψος
1862 354 1987 446 ἆρ-

59 469 348 549 θείσης,
388 461 822 548 προτιθέασιν
868 462 944 529 ἐν
993 467 1074 550 τῇ
1125 468 1263 530 τῶν
1314 468 1669 550 βασιλείων
1724 459 1982 551 εἰσόδῳ,

59 571 487 654 χρυσοϋφεῖς
525 560 872 651 στρωμνὰς
909 559 1517 652 ὑποστρωννύντες.
1590 560 1633 653 ἡ
1670 562 1733 633 δ’
1782 560 1983 633 εἰκὼν

61 670 300 755 ἐκείνη
326 670 402 736 έν
426 664 704 753 σχήματι
740 672 1100 747 νοσοῦντος
1133 666 1478 756 πρόκειται
1504 662 1826 757 ὠχριῶσα.
1865 672 1981 755 τῆς
2010 683 2045 737 3

0 800 30 836 5
65 770 152 839 δὲ
193 777 426 857 κλίνης
469 769 888 858 ἑκατέρωθεν
929 771 1323 853 καθέζονται
1354 771 1478 839 ἐπὶ
1520 780 1829 841 πλεῖστον
1868 776 1983 856 τῆς

61 869 323 962 ἡμέρας
349 876 425 942 ἐν
450 871 574 959 μὲν
599 876 693 963 τῷ
733 878 898 963 λαιῷ
925 874 1109 960 μέρει
1137 880 1315 943 πᾶσα
1355 870 1395 961 ἡ
1422 873 1823 963 σύγκλητος,
1863 899 1984 961 με-

63 982 334 1056 λαίναις
360 977 699 1065 ἐφεστρίσι
725 975 1082 1064 χρώμενοι,
1126 980 1200 1045 έν
1231 976 1309 1045 δὲ
1334 983 1426 1069 τῷ
1452 980 1647 1070 δεξιῷ
1674 991 1985 1065 γυναῖκες

65 1085 281 1148 πᾶσαι
305 1073 490 1159 ὅσαις
518 1074 789 1165 ἀνδρῶν
814 1073 859 1165 ἦ
884 1080 1188 1167 πατέρων
1215 1076 1467 1167 ἀξίωμα
1493 1088 1681 1169 τιμῆς
1707 1080 1983 1161 ἐνδόξου

67 1186 539 1270 μεταδίδωσιν.
595 1178 752 1251 οὔτε
779 1181 852 1249 δὲ
889 1182 1407 1271 χρυσοφοροῦσά
1432 1212 1529 1264 τις
1570 1180 1793 1252 αὐτῶν
1818 1179 1983 1271 ὁρᾶ-

3 1314 32 1352 o
70 1314 182 1354 ται
213 1281 370 1355 οὔτε
394 1289 840 1373 περιδεραίοις
866 1288 1320 1373 κοσμουμένη,
1360 1282 1527 1355 ἀλλὰ
1564 1284 1745 1367 λιτὰς
1774 1288 1981 1373 ἐσθῆ-

69 1416 192 1468 τας
220 1385 462 1469 λευκὰς
503 1383 1038 1475 ἆμφιεννύμεναι
1069 1394 1285 1475 σχῆμα
1322 1393 1687 1479 παρέχουσι
1722 1398 1983 1457 λυπου-

67 1494 317 1579 μένων.
424 1489 587 1560 ἑπτὰ
611 1490 736 1578 μὲν
763 1482 891 1559 οὖν
917 1486 1184 1578 ἡμερῶν
1211 1489 1291 1559 τὰ
1322 1494 1634 1580 εἰρημένα
1660 1495 1981 1561 ἐπιτελεῖ·
2009 1510 2045 1561 4

69 1622 181 1664 ται
202 1615 218 1631 ·
252 1601 472 1683 ἰατροί
507 1620 580 1661 τε
608 1593 924 1675 εἰσιόντες
954 1593 1263 1663 ἑκάστοτε
1301 1603 1617 1683 προσίασι
1655 1602 1735 1684 τῇ
1762 1602 1981 1684 κλίνῃ,

69 1700 188 1766 καὶ
215 1703 430 1785 δῆθεν
455 1695 966 1783 ἐπισκεψάμενοι
1003 1694 1124 1766 τὸν
1159 1704 1494 1767 νοσοῦντα
1524 1697 1985 1787 χαλεπώτερον

0 1835 36 1875 25
73 1808 254 1887 ἔχειν
293 1797 822 1888 ἀπαγγέλλουσιν
862 1798 1184 1868 ἑκάστοτε.
1267 1798 1437 1869 ἐπὰν
1477 1802 1553 1871 δὲ
1602 1800 1761 1889 δόξῃ
1801 1828 1985 1869 τετε-

69 1905 496 1992 λευτηκέναι,
537 1900 660 1990 τὴν
686 1901 810 1990 μὲν
847 1908 1086 1989 κλίνην
1113 1900 1433 1991 ἀράμενοι
1460 1908 1579 1972 τοῦ
1606 1930 1679 1972 τε
1708 1908 1985 1971 ἱππικοῦ

71 2009 397 2095 τάγματος
437 2002 894 2092 εὐγενέστατοι
926 2006 1039 2073 καὶ
1077 2011 1192 2092 τῆς
1232 2006 1613 2094 συγκλήτου
1653 2008 1983 2075 ἐπίλεκτοι

67 2117 334 2179 νεανίαι
367 2116 876 2195 κατακομίζουσι
919 2106 1032 2176 διὰ
1077 2115 1191 2195 τῆς
1229 2113 1411 2197 ἱερᾶς
1438 2106 1607 2179 ὁδοῦ
1623 2160 1641 2196 ,
1672 2114 1739 2188 ἔς
1763 2135 1833 2177 τε
1860 2106 1984 2196 τὴν

71 2210 356 2302 ἀρχαίαν
384 2208 642 2299 ἀγορὰν
667 2214 1139 2297 προτιθέασιν,
1183 2218 1355 2281 ἔνθα
1394 2218 1466 2281 οἱ
1491 2208 1829 2300 Ῥωμαίων
1857 2207 1981 2299 ἅρ-

0 2349 43 2387 2⁰
76 2342 302 2404 χοντες
326 2312 441 2395 τὰς
469 2310 670 2403 ἀρχὰς
697 2310 1132 2402 άπόμνυνται.
1205 2316 1625 2403 ἑκατέρωθεν
1650 2307 1726 2384 δὲ
1751 2314 1979 2404 βάθρα
2008 2332 2041 2385 5

71 2416 224 2488 τινὰ
249 2418 592 2505 σύγκειται
621 2420 694 2485 έν
721 2424 1039 2505 κλίμακος
1069 2416 1380 2507 σχήματι,
1412 2420 1526 2487 καὶ
1560 2420 1669 2488 ἐπὶ
1697 2418 1821 2505 μὲν
1847 2428 1980 2486 θα-

69 2525 272 2611 τέρου
297 2524 539 2610 μέρους
565 2526 702 2589 τῶν
741 2517 1230 2608 εὐγενεστάτων
1264 2523 1378 2590 καὶ
1420 2518 1842 2609 εὐπατριδῶν
1867 2548 1982 2607 χο-

71 2623 188 2713 ρὸς
213 2628 459 2713 ἔστηκει
472 2629 765 2710 παίδων,
806 2627 889 2710 έν,
923 2623 1000 2691 δὲ
1038 2629 1130 2715 τῷ
1171 2620 1606 2716 ἀντικειμένῳ
1637 2630 1982 2711 γυναικῶν

73 2734 210 2797 τῶν
245 2730 322 2796 έν
359 2722 622 2809 ἀξιώσει
653 2724 822 2795 εἶναι
853 2732 1231 2795 δοκουσῶν·
1289 2723 1527 2817 ᾄδουσι
1564 2726 1641 2797 δὲ
1680 2725 1979 2813 ἑκάτεροι

0 2866 40 2905 25
76 2826 331 2919 ὕμνους
357 2856 430 2899 τε
455 2831 569 2899 καὶ
603 2835 886 2909 παιᾶνας
912 2831 979 2908 ἐς
1019 2826 1137 2897 τὸν
1172 2828 1680 2917 τετελευτηκότα
1697 2880 1715 2914 ,
1756 2835 1979 2919 σεμνῷ

71 2936 253 3023 μέλει
284 2935 398 3002 καὶ
423 2931 767 3021 θρηνώδει
793 2934 1389 3020 ἐρρυθμισμένους.
1468 2930 1631 3019 μετὰ
1670 2931 1746 2999 δὲ
1774 2937 1971 2999 τοῦτο
2007 2949 2040 3001 6

73 3034 514 3126 βαστάσαντες
539 3033 664 3123 τὴν
694 3042 933 3122 κλίνην
962 3034 1288 3121 φέρουσιν
1327 3036 1449 3117 ἔξω
1489 3040 1605 3122 τῆς
1630 3033 1885 3113 πόλεως
1911 3036 1979 3113 ές

71 3138 148 3209 τὸ
196 3137 616 3226 καλούμενον
654 3134 892 3226 ’Ἄρεος
930 3142 1201 3223 πεδίον,
1252 3142 1422 3206 ἔνθα
1461 3136 1979 3205 κατεσκεύασται

71 3247 147 3313 ἐν
171 3247 262 3335 τῷ
295 3238 686 3333 πλατυτάτφ
710 3247 833 3311 τοῦ
861 3245 1099 3309 πεδίου
1123 3239 1307 3331 τόπῳ
1334 3238 1750 3330 τετράγωνόν
1776 3267 1839 3308 τι
1866 3239 1979 3307 καὶ

0 3373 44 3413 ³⁰
77 3345 508 3434 ἰσόπλευρον,
559 3341 761 3431 ἄλλης
816 3344 939 3432 μὲν
987 3339 1152 3431 ὕλης
1195 3340 1511 3432 οὐδεμιᾶς
1556 3344 1858 3430 μετέχον,
1904 3345 1979 3411 ἐκ

73 3448 277 3537 μόνης
305 3448 380 3519 δὲ
407 3443 794 3535 συμπήξεως
821 3446 1038 3529 ξύλων
1073 3453 1403 3535 μεγίστων
1446 3449 1512 3527 ἐς
1550 3452 1763 3533 σχῆμα
1791 3444 1977 3531 οἰκή-

75 3577 292 3641 ματος.
397 3556 530 3620 πᾶν
569 3550 646 3619 δὲ
684 3552 898 3619 έκεῖνο
954 3555 1245 3620 ἔνδοθεν
1281 3549 1404 3639 μὲν
1447 3548 1815 3641 φρυγάνων
1856 3573 1976 3618 πε-
2008 3554 2037 3609 7
