2475 3859
843 171 1279 231 TETAPTON
1884 168 2000 228 103

79 348 186 434 τῷ
217 342 380 431 πυρὶ
407 338 930 429 άνελευσόμενος
958 345 1024 422 ἐς
1047 340 1168 411 τὸν
1193 344 1465 433 αἰθέρα,
1494 337 1569 423 ὃς
1610 340 1844 431 φέρειν
1870 337 2001 411 ἀπὸ

81 453 218 533 γῆς
244 449 311 526 ἐς
339 441 638 535 οὐρανὸν
675 443 800 534 τὴν
836 452 956 515 τοῦ
997 448 1319 533 βασιλέως
1356 442 1580 533 ψυχὴν
1622 443 2001 513 πιστεύεται

85 545 232 617 ὑπὸ
265 545 632 636 Ῥωμαίων·
661 550 776 617 καὶ
801 550 866 631 ἐξ
895 551 1156 619 ἐκείνου
1181 546 1345 637 μετὰ
1370 556 1509 619 τῶν
1535 552 1789 617 λοιπῶν
1816 554 2001 617 θεῶν
2104 557 2109 567 ’

85 651 562 741 θρησκεύεται.

11 776 46 817 5
297 754 548 842 ταύτην
594 751 678 841 δὴ
723 749 847 843 τὴν
896 752 1095 842 τιμὴν
1131 752 1597 833 ἐκθειάσαντες
1647 758 1719 823 οί
1762 757 1993 833 παῖδες
2026 768 2061 827 3

85 854 218 925 τὸν
243 859 492 946 πατέρα
521 860 906 944 ἐπανῆλθον
933 860 998 937 ἐς
1029 854 1112 927 τὰ
1135 864 1457 945 βασίλεια.
1532 858 1597 937 ἐξ
1638 859 1901 926 ἐκείνου
1930 856 2003 925 δὲ

93 948 480 1044 ’ἐστασίαζον
520 957 687 1047 πρὸς
733 956 1094 1048 ἀλλήλους,
1139 963 1417 1048 ἐμίσουν
1449 985 1523 1028 τε
1568 962 1681 1029 καὶ
1720 958 2003 1047 ἐπεβού-

93 1069 329 1133 λευον·
370 1063 586 1133 πάντα
626 1090 698 1132 τε
738 1069 1059 1151 ἔπραττεν
1099 1063 1405 1152 ἑκάτερος
1442 1062 1849 1151 πειρώμενος
1884 1060 2003 1131 τὸν

96 1161 398 1255 ἀδελφὸν
438 1163 1032 1238 ἀποσκευάσασθαι
1069 1168 1135 1246 ἐς
1165 1162 1375 1235 αὐτόν
1414 1191 1487 1235 τε
1522 1165 1732 1254 μόνον
1770 1192 2004 1254 περια-

7 1302 66 1341 xo
101 1284 340 1356 γαγεῖν
397 1266 520 1356 τὴν
565 1266 792 1357 ἀρχήν.
897 1271 1271 1357 ἐμερίζοντο
1324 1268 1401 1339 δὲ
1451 1271 1565 1338 καὶ
1610 1269 1881 1339 πάντων
1932 1273 2007 1337 αἱ
2030 1279 2061 1329 2

99 1377 396 1459 γνῶμαι,
425 1369 572 1441 ὅσοι
609 1375 684 1441 έν
723 1369 988 1454 ἀξιώσει
1027 1366 1070 1461 ἢ
1109 1378 1265 1464 τιμῇ
1300 1373 1435 1442 τινὶ
1472 1360 1645 1459 ἦσαν
1682 1370 1848 1441 κατὰ
1884 1369 2007 1459 τὴν.

97 1472 333 1543 πόλιν·
365 1481 507 1567 ἰδίᾳ
538 1471 668 1565 γὰρ
697 1472 922 1544 αὐτῶν
951 1474 1259 1564 ἑκάτερος
1284 1476 1632 1545 ἐπέστελλέ
1651 1502 1725 1544 τε
1749 1472 2007 1544 λανθά-

2 1664 12 1674 ι
97 1604 248 1646 νων
272 1578 384 1647 καὶ
411 1575 732 1669 ᾠκειοῦτο
748 1630 767 1664 ,
810 1577 1124 1665 μεγάλαις
1167 1573 1561 1665 ὑποσχέσεσι
1596 1576 1763 1667 πρὸς
1802 1573 2009 1646 αὑτὸν

101 1675 480 1751 άνθέλκων.
551 1684 666 1750 καὶ
703 1679 778 1749 τό
819 1707 898 1769 γε
935 1689 1249 1751 πλεῖστον
1286 1682 1485 1770 μέρος
1527 1683 1595 1761 ἐς
1632 1680 1752 1751 τὸν
1794 1670 2007 1749 Γέταν

13 1818 65 1857 ⁸5
103 1789 374 1871 ἔβλεπε·
407 1790 782 1871 φαντασίαν
822 1783 947 1871 γάρ
982 1809 1131 1853 τινα
1167 1786 1519 1863 ἐπιεικείας
1556 1784 2006 1868 ἐπεδείκνυτο,

99 1886 373 1975 μέτριόν
399 1914 470 1956 τε
495 1888 608 1957 καὶ
635 1894 852 1976 πρᾶον
880 1884 1122 1957 ἑαυτὸν
1147 1902 1283 1967 τοῖς
1298 1892 1650 1974 προσιοῦσι
1675 1900 2009 1973 παρεῖχεν,

101 1989 588 2077 ἐπιτηδεύμασί
617 2017 690 2059 τε
725 1990 1269 2078 σπουδαιοτέροις
1294 1991 1547 2078 ἐχρῆτο,
1574 1986 2006 2076 προσιέμενός
2036 1998 2070 2052 3

102 2118 176 2161 τε
219 2090 376 2173 τοὺς
415 2094 524 2162 ἐπὶ
560 2098 832 2185 παιδεία
873 2094 1429 2180 ἐπαινουμένους,
1470 2087 1897 2171 ἐσπουδακώς
1940 2116 2011 2159 τε

103 2196 266 2285 περὶ
291 2203 704 2280 παλαίστραν
730 2198 844 2265 καὶ
869 2191 1205 2284 γυμνάσια
1244 2194 1600 2285 ἐλεύθερα·
1640 2192 1917 2284 χρηστός
1942 2220 2013 2263 τε

13 2330 74 2370 το
107 2292 215 2367 ὢν
255 2300 370 2368 καὶ
405 2299 889 2388 φιλάνθρωπος
921 2314 1060 2379 τοῖς
1099 2304 1417 2385 συνοῦσι,
1456 2295 1645 2389 φήμῃ
1695 2299 1809 2367 καὶ
1854 2294 2013 2386 δόξῃ

105 2397 350 2491 ἀρίστῃ
388 2409 658 2482 πλείους
689 2405 756 2483 ἐς
807 2398 1086 2472 εῦνοιαν
1129 2402 1245 2471 καὶ
1283 2406 1517 2491 φιλίαν
1556 2408 2011 2490 προυκαλεῖτο.

107 2500 148 2573 ὁ
193 2500 262 2573 δ’
307 2502 698 2584 Ἀντωνῖνος
735 2507 1074 2594 ἐμβριθῶς
1113 2502 1194 2574 τὰ
1231 2501 1447 2575 πάντα
1486 2505 1598 2574 καὶ
1636 2508 2015 2592 θυμοειδῶς

109 2613 422 2695 ἔπραττε,
449 2605 624 2677 πολὺ
653 2608 730 2677 δὲ
767 2604 1046 2697 ἀπάγων
1071 2605 1315 2677 ἑαυτὸν
1340 2614 1477 2677 τῶν
1514 2607 2015 2697 προειρημένων
2041 2612 2075 2663 4

110 2716 590 2799 στρατιωτικοῦ
629 2738 702 2780 τε
744 2711 858 2780 καὶ
907 2716 1273 2798 πολεμικοῦ
1324 2716 1483 2798 βίον
1528 2707 1804 2799 ἐραστὴς
1850 2707 2021 2777 εἶναι

21 2849 80 2891 25
115 2829 604 2901 προσεποιεῖτο·
647 2809 818 2903 ὀργῇ
843 2840 916 2883 τε
952 2812 1169 2883 πάντα
1207 2812 1549 2901 πράττων,
1588 2813 1703 2881 καὶ
1726 2808 2021 2881 ἀπειλῶν

111 2920 368 3005 μᾶλλον
421 2909 465 3005 ἦ
527 2922 824 3006 πείθων,
880 2914 1074 3009 φόβῳ
1123 2916 1238 2984 καὶ
1288 2911 1417 2985 οὐκ
1478 2910 1712 3006 εὐνοίᾳ
1780 2919 2022 3001 φίλους

113 3022 369 3089 ἐκτᾶτο.

319 3117 408 3203 ὥς
455 3120 922 3205 στασιάζοντας
961 3120 1038 3191 δὲ
1075 3116 1232 3199 τοῦς
1280 3114 1615 3208 άὸελφούς
1656 3121 1733 3188 ἐν
1776 3112 2023 3187 ἅπασιν

113 3219 218 3305 οἷς
243 3230 602 3314 ἔπραττον,
631 3227 821 3313 μέχρι
845 3228 981 3293 τῶν
1023 3218 1509 3292 εὐτελεστάτων
1544 3227 1797 3310 ἔργων,
1825 3215 1867 3308 ἡ
1894 3218 2023 3308 μή·

27 3360 84 3403 ³⁰
117 3354 242 3417 τηρ
275 3326 596 3416 συνάγειν
621 3329 946 3417 ἐπειρᾶτο.
1047 3331 1169 3395 καί
1199 3351 1361 3395 ποτε
1388 3326 1611 3406 ἔδοξεν
1638 3320 1885 3411 αὐτοῖς,
1914 3326 2027 3392 ἵνα
2055 3337 2087 3391 5

119 3428 205 3518 δὴ
231 3428 323 3519 μὴ
351 3430 664 3517 μένοντες
691 3432 765 3499 ἐν
789 3437 870 3520 τῇ
901 3426 1114 3520 Ῥώμῃ
1153 3424 1461 3519 ἀλλήλοις
1500 3426 2024 3518 ἐπιβουλεύοιεν,

117 3541 482 3623 νείμασθαι
507 3531 632 3621 τὴν
659 3529 887 3622 ἀρχήν.
955 3531 1446 3622 συναγαγόντες
1472 3529 1555 3620 δὴ
1583 3530 1739 3612 τοὺς
1766 3527 2029 3622 πατρῴ-
