2475 3859
284 720 315 775 7
345 703 510 795 μικά
537 712 651 794 τῆς
675 712 900 794 χρείας
927 702 1335 793 ἀπαιτούσης
1358 713 1683 793 γενναίως
1710 712 2144 794 κατορθοῦτε.
2182 704 2255 775 τὸ
2286 734 2308 772 5

295 1544 337 1599 4

304 2169 339 2221 2

299 2888 335 2942 3

298 3497 334 3550 4

347 120 464 181 150
1159 120 1449 183 ΕΚΤΟΝ

343 288 658 384 Σεεήρου
685 292 800 363 καὶ
817 287 1224 363 Ἀντωνίνου
1253 297 1374 362 τοῦ
1400 288 1648 380 πατρὸς
1676 287 1981 381 ἠγείρατε
2006 291 2258 365 πολλά-

345 424 450 477 κις
495 394 662 465 κατὰ
702 395 1095 486 βαρβάρων,
1138 400 1209 465 οἰ
1246 392 1311 465 δ’
1358 398 1433 466 ἐν
1477 392 1653 485 ἀκμῇ
1691 392 1878 477 ὄντες
1917 398 2110 486 δόξης
2146 399 2259 465 καὶ

345 500 583 580 κλέους
622 496 1158 588 ἐπιθυμήσαντες
1200 500 1457 581 δείξατε
1498 495 1601 568 ὅτι
1654 494 1783 587 ἄρα
1824 502 1937 569 καὶ
1984 497 2257 590 είρήυην

346 600 537 691 ἄγειν
565 602 790 691 πράως
815 604 928 672 καὶ
953 599 1096 690 μετ’
1131 608 1365 683 αἰδοῦς
1408 605 1769 671 ἐπίστασθε
1804 604 1917 672 καὶ
1948 601 2028 672 τὰ
2056 612 2257 672 πολε-

345 808 422 881 δὲ
469 808 812 898 βάρβαρον
853 806 1021 898 πρὸς
1064 809 1188 897 μὲν
1227 806 1309 877 τὰ
1354 804 1717 877 ὑπείκοντα
1761 810 1873 879 καὶ
1926 806 2261 878 ὀκνοῦντα

344 910 792 1001 θρασύνεται,
831 917 923 1004 τῷ
963 908 1030 981 δ’
1079 909 1542 981 ἆντιπίπτοντι
1578 906 1813 981 οὐκέθ’
1858 908 2103 1001 ὁμοίως
2140 908 2264 981 ἀν-

345 1017 550 1103 τέχει,
579 1017 724 1085 ἐπεὶ
748 1013 838 1104 μὴ
867 1018 940 1085 ἐκ
967 1014 1347 1095 συστάσεως
1387 1010 1615 1095 αὐτοῖς
1656 1010 1697 1102 ἡ
1736 1015 1907 1103 μάχη
1934 1011 2103 1083 κατὰ
2130 1020 2267 1083 τῶν

348 1114 732 1188 ἀντιπάλων
762 1114 1179 1205 ὑπισχνεῖται
1210 1115 1285 1187 τὸ
1316 1113 1582 1203 εὔελπι,
1614 1113 1761 1185 ἀλλ’
1793 1120 1858 1200 ἐξ
1901 1120 2266 1207 ἐπιδρομῆς

352 1216 394 1309 ἢ
421 1228 643 1309 φυγῆς
670 1225 1053 1311 κερδαίνειν
1077 1226 1464 1309 νομίζουσιν
1492 1216 1657 1311 ὅπερ
1678 1215 1762 1290 ἄν
1782 1228 1987 1309 σχῶσι
2016 1218 2109 1290 δι’
2144 1216 2264 1304 ἆρ-
2292 1244 2332 1283 ιο

349 1330 585 1411 παγῆς.
617 1320 774 1412 ἡμῖν
795 1324 1001 1393 δὲκαὶ
1026 1322 1101 1393 τὸ
1135 1320 1457 1394 εὔτακτον
1483 1320 1617 1411 ἅμα
1644 1329 1735 1415 τῷ
1764 1330 2017 1416 κοσμίῳ
2046 1319 2266 1413 ὑπάρ-

354 1454 490 1515 χει,
520 1428 633 1496 καὶ
667 1433 866 1495 νικᾶν
893 1422 1141 1507 αὐτοὺς
1169 1424 1276 1496 ἀεὶ
1304 1422 1815 1514 δεδιδάγμεθα.”

565 1528 841 1599 τοιαῦτά
879 1556 1030 1599 τινα
1076 1530 1349 1601 εἰπόντα
1394 1527 1515 1599 τὸν
1564 1525 1998 1620 Ἀλέξανδρον
2050 1535 2180 1610 πᾶς
2232 1525 2265 1597 ὁ

353 1629 630 1723 στρατὸς
659 1629 1124 1721 ἀνευφήμησε,
1153 1640 1547 1722 προθυμίαν
1578 1658 1649 1702 τε
1676 1640 1896 1702 πᾶσαν
1937 1636 2003 1713 ἐς
2043 1628 2119 1701 τὰ
2148 1658 2268 1703 πο-

353 1744 582 1824 λεμεῖν
619 1732 1020 1823 ὑπισχνεῖτο.
1092 1732 1131 1805 ὃ
1161 1733 1228 1805 δ’
1274 1734 1547 1815 ἐπιδούς
1574 1731 1802 1817 αὐτοῖς
1825 1732 2125 1824 χρήματα
2150 1761 2267 1824 με·
2301 1756 2338 1794 ¹5

355 1838 822 1930 γαλοφρόνως,
855 1836 1364 1930 εὐτρεπίζεσθαι
1389 1837 1469 1909 τά
1496 1835 1663 1927 πρὸς
1701 1838 1824 1927 τὴν
1865 1841 2095 1921 ἔξοδον
2129 1839 2272 1908 ἐκέ-

355 1950 574 2013 λευσε.
644 1942 996 2013 κατελθών
1034 1970 1107 2013 τε
1143 1945 1208 2024 ἐς
1250 1940 1373 2031 τὴν
1411 1940 1789 2030 σύγκλητον
1828 1939 2121 2030 βουλήν,
2164 1943 2275 2011 καὶ

357 2060 492 2127 τοῖς
535 2049 1038 2137 προειρημένοις
1077 2042 1273 2134 ὅμοια
1316 2050 1723 2133 διαλεχθείς,
1764 2044 2117 2135 ἐπήγγειλε
2154 2042 2275 2132 τὴν

361 2152 610 2231 ἔξοδον.
673 2147 1175 2237 καταλαβούσης
1210 2148 1288 2218 δὲ
1314 2155 1429 2237 τῆς
1456 2144 1829 2236 ὡρισμένης
1864 2144 2111 2238 ἡμέρας
2139 2147 2277 2217 θύ-

360 2274 480 2333 σας
505 2278 577 2320 τε
604 2248 720 2331 τὰς
749 2253 855 2321 ἐπὶ
883 2266 1027 2333 ταῖς
1057 2251 1309 2334 ἐξόδοις
1348 2252 1827 2339 νενομισμένας
1870 2255 2275 2339 ἱερουργίας,
2306 2277 2349 2317 m
2412 2290 2414 2299 ·

360 2361 878 2441 παραπεμφθείς
903 2381 976 2423 τε
1016 2350 1146 2423 ὑπὸ
1181 2361 1298 2442 τῆς
1326 2354 1704 2443 συγκλήτου
1740 2354 1853 2423 καὶ
1880 2352 2129 2435 παντὸς
2156 2360 2279 2423 τοῦ

361 2454 616 2543 δήμου,
645 2462 761 2543 τῆς
791 2452 1038 2545 Ῥώμης
1079 2453 1368 2545 ἀπῆρεν,
1400 2456 1955 2547 ἐπιστρεφόμενος
1984 2454 2086 2527 ἀεὶ
2116 2454 2281 2545 πρὸς

363 2557 486 2646 τὴν
513 2556 712 2628 πόλιν
739 2561 852 2627 καὶ
889 2558 1224 2648 δακρύων.
1292 2556 1440 2629 ἀλλ’
1474 2556 1638 2629 οὐδὲ
1678 2567 1813 2629 τῶν
1853 2565 2167 2649 δημοτῶν
2198 2550 2281 2649 ἦν

363 2690 462 2743 τις
495 2656 569 2743 ὃς
609 2658 938 2752 ἀδακρυτὶ
964 2666 1395 2752 παρέπεμπεν
1434 2659 1672 2732 αὐτόν·
1714 2662 1937 2733 πόθον
1963 2661 2093 2752 γὰρ
2122 2665 2282 2733 ἑαυ-

359 2771 484 2834 τοῦ
511 2770 604 2858 τῷ
631 2764 876 2854 πλήθει
906 2766 1335 2856 ἐμπεποιήκει
1362 2763 1769 2856 ἆνατραφείς
1795 2793 1865 2835 τε
1892 2760 2014 2835 ὑπ’
2050 2761 2281 2845 αὐτοῖς
2308 2798 2353 2838 «5

369 2869 482 2937 καὶ
507 2876 790 2957 μετρίως
831 2864 1030 2958 ἄρξας
1063 2870 1407 2939 τοσούτων
1446 2873 1636 2940 ἐτῶν.
1740 2866 1905 2957 μετὰ
1932 2876 2181 2957 πολλῆς
2210 2868 2284 2937 δὲ

366 2977 665 3059 σπουδῆς
706 2972 1147 3060 ποιησάμενος
1186 2970 1310 3061 τὴν
1352 2979 1667 3063 πορείαν,
1721 2972 1803 3041 τά
1838 2999 1911 3042 τε
1952 2967 2283 3059 Ἰλλυρικά

366 3080 536 3163 ἔθνη
566 3076 678 3144 καὶ
705 3076 1117 3163 στρατόπεδα
1151 3075 1495 3162 ἐπελθών,
1526 3082 1844 3163 πλείστην
1884 3102 1955 3143 τε
1992 3074 2284 3163 δύναμιν

365 3173 690 3246 κάκεῖθεν
717 3174 1077 3268 ἀθροίσας,
1113 3181 1179 3259 ἐς
1203 3176 1329 3265 τὴν
1365 3174 1771 3265 Ἀντιόχειαν
1798 3174 2101 3267 ἄφίκετο.
2146 3181 2287 3247 ἐκεῖ

367 3277 444 3346 δὲ
470 3278 828 3366 γενόμενος
855 3277 935 3348 τὰ
971 3276 1138 3369 πρὸς
1178 3278 1300 3348 τὸν
1344 3280 1637 3368 πόλεμον
1676 3279 1980 3367 ἐξήρτυε,
2020 3277 2282 3369 γυμνά·
2310 3311 2359 3353 ao

366 3386 498 3459 ζων
525 3408 596 3449 τε
623 3378 776 3459 τούς
803 3379 1204 3470 στρατιώτας
1232 3381 1346 3448 καὶ
1372 3380 1455 3449 τὰ
1480 3380 1804 3471 πολεμικὰ
1831 3379 2080 3452 ἀσκῶν.

571 3484 757 3563 ἔδοξε
784 3482 861 3551 δὲ
887 3478 1068 3574 αὐτῷ
1095 3488 1458 3571 πρεσβείαν
1482 3483 1687 3555 πάλιν
1714 3486 1966 3573 πέμψαι
1984 3480 2153 3575 πρὸς
2170 3482 2287 3553 τὸν
