2475 3859
375 89 451 147 14
1147 90 1502 151 ΠΡΩΤΟΝ

373 275 610 352 φθεῐσι
645 262 1074 355 στρατιώταις
1111 262 1504 352 χαριστήρια
1542 257 1951 351 ὁμολογήσας
1986 270 2103 352 τῆς
2140 292 2279 355 φυ-

268 424 319 449 m
281 373 766 457 *gmafflstong
795 374 1076 447 πίστεως
1091 373 1117 451 ,“
1148 369 1215 446 ἐς
1240 362 1364 456 τὴν
1390 372 1732 453 βασίλειον
1770 363 1989 457 αὐλὴν
2025 366 2281 457 ἀνεχώ-

367 492 588 563 ρησεν.
1786 501 1791 506 ”

307 573 343 633 8
570 572 813 665 χρόνου
839 571 964 660 μὲν
989 562 1116 641 οὖν
1147 569 1330 651 τινὸς
1354 568 1603 659 ὀλίγων
1630 521 1801 642 ἐτων
1825 572 2025 663 τιμὴν
2056 579 2284 644 πᾶσαν

367 678 654 767 ἀπένεμε
713 690 849 755 τοῖς
903 673 1231 769 πατρώοις
1275 681 1496 762 φίλοις
1512 727 1530 760 ,
1578 674 1795 744 πάντα
1836 704 1910 746 τε
1954 683 2281 767 ἔπραττεν
2317 708 2343 749 5

367 786 646 861 ἐκείνοις
671 777 1073 901 συμβούλοις
1105 776 1444 907 χρώμενος
1462 800 1481 815 ·
1523 779 1669 848 ἐπεὶ
1698 778 1773 847 δὲ
1798 777 1923 869 τὴν
1950 780 2281 871 πρόνοιαν

367 889 725 975 ἐνεχείρισε
752 888 869 971 τῆς
895 879 1097 973 ἀρχῆς
1139 884 1390 975 ἑαυτῷ,
1430 881 1783 971 ἐπιστήσας
1820 900 1959 964 τοῖς
1998 903 2276 973 στρατο-

366 991 592 1068 πέδοις
625 988 1031 1076 Περέννιον,
1077 982 1293 1074 άνδρα
1344 982 1419 1054 τὸ
1470 985 1597 1075 μὲν
1646 988 1837 1073 γένος
1881 984 2278 1075 Ἰταλιώτην,

257 1088 265 1095 ’
367 1087 842 1181 στρατιωτικὸν
881 1086 1156 1159 δἐἶναι
1183 1093 1513 1158 δοκοῦντα
1540 1086 1678 1174 (διὸ
1704 1090 1818 1159 καὶ
1844 1091 2125 1179 μάλιστα
2150 1087 2273 1159 αύ-

365 1194 483 1266 τόν
510 1201 800 1320 ἔπαρχον
827 1196 1095 1279 ἐποίησε
1121 1196 1259 1261 τῶν
1294 1194 1811 1281 στρατοπέδων),
1851 1200 1933 1285 τῇ
1969 1200 2092 1263 τοῦ
2126 1222 2271 1283 μει-
2316 1225 2359 1265 ιο

367 1305 605 1387 ρακίου
633 1294 1100 1386 ἀποχρώμενος
1123 1289 1349 1386 ἡλικία
1367 1296 1621 1377 ἐκεῖνος
1638 1304 1863 1366 εἴασεν
1881 1294 2087 1367 αὐτὸν
2112 1324 2273 1388 τρυ-

368 1417 526 1490 φαῖς
552 1398 947 1488 σχολάζοντα
973 1399 1085 1467 καὶ
1111 1398 1531 1486 κραιπάλαις,
1546 1404 1661 1489 τῆς
1693 1425 1767 1468 τε
1792 1407 2149 1507 φροντίδος
2162 1403 2278 1469 καὶ

315 1528 349 1579 2
369 1509 506 1575 τών
531 1509 893 1593 βασιλείων
919 1501 1232 1591 καμάτων
1260 1499 1519 1591 ἀπῆγεν
1542 1500 1771 1588 αὐτόν,
1800 1509 2023 1575 πᾶσαν
2049 1504 2125 1573 δὲ
2150 1501 2278 1593 τήν

366 1615 698 1697 διοίκησιν
711 1612 827 1695 τῆς
842 1602 1045 1696 ἀρχῆς
1059 1602 1257 1685 αὐτὸς
1276 1602 1631 1689 ἀνεδέξατο
1646 1606 1941 1677 πλούτου
1966 1634 2039 1677 τε
2064 1605 2271 1697 ἀκρα-

363 1713 534 1807 τήτςο
563 1714 890 1802 ἐπιθυμίᾳ
915 1711 1028 1779 καὶ
1061 1713 1198 1779 τών
1223 1710 1349 1800 μὲν
1376 1711 1908 1800 προσκτωμένων
1934 1707 2037 1781 ἀεὶ
2061 1739 2267 1781 ,κατα-
2308 1732 2353 1774 15

365 1814 711 1908 φρονήσει,
727 1819 866 1883 τῶν
891 1810 960 1882 δ’
993 1810 1182 1883 οὔπω
1209 1811 1565 1903 παρόντων
1590 1810 1901 1906 ἀπλήστῳ
1928 1811 2272 1903 ἀντιποιή-

365 1943 488 1991 σει.
555 1918 711 1998 τούς
759 1944 832 1986 τε
879 1916 1228 2010 πατρῴους
1288 1924 1530 2005 φίλους
1582 1922 1841 2007 πρῶτος
1884 1918 2275 2006 διαβάλλειν

365 2023 636 2113 ἤρξατο,
671 2022 784 2091 καὶ
811 2018 954 2090 ὅσοι
983 2020 1297 2090 πλούσιοί
1324 2046 1399 2089 τε
1423 2010 1597 2108 ἦσαν
1618 2022 1733 2090 καὶ
1768 2016 2085 2109 εὐγενεῖς,
2113 2021 2270 2091 τού-

365 2154 522 2206 τους
561 2127 628 2205 ἐς
664 2120 967 2207 ὑποψίαν
1006 2122 1194 2211 ἄγων
1248 2120 1323 2193 τὸ
1362 2122 1712 2214 μειράκιον
1750 2123 2015 2213 ἐφόβει,
2058 2120 2147 2205 ὥς
2184 2120 2273 2194 ἂν

367 2224 610 2309 αὐτοὺς
650 2226 1170 2317 διαχρησάμενος
1211 2223 1525 2318 ἀφορμὴν
1567 2223 1747 2321 αὐτῷ
1790 2227 2113 2317 παράσχοι
2153 2230 2267 2297 καὶ
2300 2254 2348 2295 m

367 2336 674 2417 ἐξουσίαν
697 2326 1014 2422 ἁρπάζειν
1039 2328 1120 2399 τὰ
1145 2332 1427 2399 ἐκείνων
1452 2327 1767 2419 κτήματα.

300 2462 336 2515 3
567 2438 758 2526 μέχρι
796 2434 921 2523 μὲν
958 2425 1086 2503 οὖν
1121 2430 1305 2513 τινὸς
1336 2434 1557 2521 ἐπεῖχε
1596 2432 1723 2503 τὸν
1744 2440 2102 2503 νεανίσκον
2127 2430 2171 2521 ἥ
2194 2460 2268 2502 τε

368 2543 488 2609 τοῦ
529 2535 773 2629 πατρὸς
814 2536 1036 2627 μνήμη
1089 2538 1202 2605 καὶ
1253 2532 1295 2625 ἡ
1350 2534 1515 2627 πρὸς
1555 2534 1711 2617 τούς
1762 2544 2002 2625 φίλους
2040 2536 2263 2616 αἰδώς.

367 2640 534 2713 ἀλλὰ
559 2640 718 2731 γάρ,
748 2638 969 2730 ὥσπερ
1007 2635 1187 2720 τινὸς
1212 2646 1507 2731 πονηρᾶς
1542 2642 1655 2710 καὶ
1692 2638 2035 2729 βασκάνου
2068 2638 2267 2728 τύχης
2406 2712 2408 2737 ἶ

365 2743 862 2835 ἀνατρεπούσης
885 2741 1095 2814 αὐτοῦ
1125 2739 1199 2813 τὸ
1228 2749 1325 2812 ἔτι
1352 2748 1627 2833 σώφρον
1643 2746 1756 2814 καὶ
1784 2744 2080 2831 κόσμιον,
2094 2764 2256 2812 συν-
2296 2764 2344 2805 2⁵
2407 2740 2408 2745 ¹

265 2853 523 2938 1ιπεῐῑνέβη
547 2876 609 2918 τι
637 2852 960 2917 τοιοῦτον
1018 2854 1361 2917 Λουκίλλα
1397 2838 1483 2936 ἦν
1507 2873 1601 2916 τω
1574 2846 1951 2940 Κομμόδω
1965 2853 2260 2937 πρεσβυ-

365 2952 525 3041 τάτη
559 2949 830 3022 πάντων
859 2947 1138 3039 ἀδελφή.
1191 2978 1361 3039 αυτη
1404 2949 1734 3076 πρότερον
1759 2958 2028 3044 Λουκίω
2062 2946 2261 3043 ’δήρω

365 3052 802 3146 αὐτοκράτορι
853 3052 1175 3149 συνώκει,
1231 3049 1313 3123 ὃν
1363 3051 1695 3124 κοινωνὸν
1758 3057 1874 3141 τῆς
1924 3059 2264 3141 βασιλείας

361 3160 639 3251 Μάρκος
666 3157 1140 3248 ποιησάμενος,
1181 3156 1417 3237 ἐκδούς
1442 3184 1515 3225 τε
1542 3154 1723 3249 αὖτω
1748 3152 1873 3246 τὴν
1897 3159 2261 3245 θυγατέρα,

361 3260 608 3351 δεσμὸν
645 3260 912 3343 εὐνοίας
949 3257 1363 3350 ἐχυρώτατον
1402 3257 1527 3349 τὴν
1577 3256 1741 3348 πρὸς
1778 3256 1985 3329 αὐτὸν
2026 3262 2255 3347 ἐπιγα-
2293 3285 2340 3325 3⁰

357 3374 519 3455 μίαν
544 3366 916 3458 ἐποιήσατο.
945 3360 1093 3434 ἀλλ’
1127 3363 1273 3431 ἐπεὶ
1299 3365 1549 3451 συνέβη
1572 3359 1693 3433 τὸν
1706 3363 2003 3433 Λούκιον
2026 3370 2255 3431 τελευ-

354 3476 567 3561 τῆσαι,
593 3468 940 3561 μενόντων
965 3471 1048 3555 τῇ
1066 3470 1405 3553 Λουκίλλῃ
1432 3470 1569 3537 τῶν
1584 3471 1700 3556 τῆς
1723 3472 2063 3556 βασιλείας
2088 3484 2255 3554 συμ-

2400 3344 2409 3379 ⁴
