2475 3859
865 164 1319 225 ΔΕΊἿἘΡΟΝ
1962 165 2043 225 47

113 336 660 426 καταστήσαντες
672 389 692 425 ,
723 333 810 418 ὥς
835 334 1202 429 ἀμύνοιντο
1229 344 1297 407 εἰ
1330 341 1426 433 τῷ
1464 343 1667 427 τείχει
1705 338 2040 427 προσβάλ-

116 452 233 512 λοι
269 438 306 511 ὁ
339 445 564 530 δῆμος.

334 547 520 625 τέλος
545 543 670 633 μὲν
696 540 780 633 δὴ
821 548 1082 614 τοιοῦτο
1119 547 1445 632 κατέλαβε
1482 541 1602 614 τὸν
1638 542 2069 634 Περτίνακα,
2186 632 2191 639 ¹

117 646 549 737 χρησάμενον
569 654 696 741 βίῳ
717 649 827 716 καὶ
844 652 1226 740 προαιρέσει
1244 644 1343 729 οἷς
1362 655 1749 738 προείρηται
1764 670 1778 683 ·
1810 644 2039 737 ἐπειδὴ
2070 657 2109 717 6

53 776 82 815 ε
120 751 206 820 δὲ
237 757 664 841 διεφοίτησεν
691 753 758 832 ἐς
781 750 902 821 τὸν
929 757 1142 841 δῆμον
1165 748 1210 841 ἡ
1248 756 1369 821 τοῦ
1408 754 1732 841 βασιλέως
1772 748 2041 840 ἀναίρε-

117 874 229 935 σις
244 906 262 940 ,
291 856 543 945 ταραχή
569 882 642 924 τε
668 856 781 923 καὶ
807 858 1062 937 πένθος
1076 855 1338 936 ’πάντας
1362 844 1653 943 κατεῖχε,
1674 853 1946 924 διέθεόν
1970 880 2045 924 τε

120 960 582 1028 ἐνθουσιῶσιν
609 958 925 1046 ἐοικότες,
967 966 1225 1048 κίνησίς
1252 986 1325 1027 τε
1352 956 1590 1047 ἄλογος
1629 975 1889 1045 κατεῖχε
1924 956 2045 1027 τὸν

120 1067 348 1149 δῆμον
362 1113 381 1148 ,
423 1062 799 1151 ζητούντων
821 1061 996 1144 τοὺς
1035 1063 1441 1153 δράσαντας,
1483 1062 1645 1152 μήτε
1672 1062 1763 1132 ,δὲ
1818 1058 2045 1151 εὑρεῖν

119 1164 292 1254 μήτε
347 1162 754 1255 ἀμύνασθαι’
805 1168 1225 1255 δυναμένων.
1342 1166 1626 1255 μάλιστά
1676 1192 1748 1235 τε
1802 1170 2041 1246 δεινῶς
2073 1178 2107 1231 2

33 1294 88 1337 lo
125 1274 381 1357 ἔφερον
416 1267 492 1338 τὸ
531 1273 1001 1358 πεπραγμένον
1039 1272 1152 1339 καὶ
1191 1267 1550 1360 συμφορὰν
1601 1266 1839 1359 κοινὴν
1892 1268 2039 1359 ἐτή-

121 1399 299 1461 ρουν
327 1376 396 1442 οί
425 1370 550 1462 τὴν
587 1373 966 1461 σύγκλητον
1000 1370 1257 1463 βουλὴν
1296 1376 1642 1463 νέμοντες,
1684 1375 1935 1462 πατέρα
1970 1398 2043 1443 τε

119 1474 334 1565 ἤπιον
359 1477 470 1544 καὶ
497 1473 784 1567 χρηστὸν
809 1476 1186 1568 προστάτην
1211 1474 1682 1565 ἀποβαλόντες.
1740 1476 1943 1546 πάλιν
1969 1504 2043 1545 τε

121 1584 530 1669 τυραννίδος
555 1572 643 1668 ἦν
683 1581 862 1668 δέος,
906 1582 1050 1649 ἐπεὶ
1089 1580 1305 1672 τούτῳ
1347 1588 1607 1670 χαίρειν
1642 1578 1799 1661 τοὺς
1836 1600 2037 1669 στρα-

120 1682 367 1763 τιώτας
404 1680 696 1771 ἤλπιζον.
801 1688 954 1771 μιᾶς
999 1686 1080 1753 δέ
1106 1708 1241 1752 που
1279 1685 1393 1751 καὶ
1439 1685 1753 1773 δευτέρας
1792 1678 2041 1773 ἡμέρας
2066 1698 2102 1753 3

43 1818 86 1859 15
122 1786 624 1877 διαδραμούσης
651 1790 721 1857 oc
749 1786 873 1875 μὲν
901 1787 1180 1875 δημόται
1222 1788 1495 1867 ἕκαστος
1520 1784 1595 1856 τὸ
1621 1784 1787 1856 καθ’
1832 1780 2041 1855 αὑτὸν

121 1886 368 1970 δεδιώς
409 1886 861 1981 ὑπανεχῶρει,
902 1894 973 1958 οἵ
1005 1917 1075 1959 τε
1114 1892 1190 1958 ἐν
1227 1886 1581 1973 ἀξιώσεσιν
1622 1887 1809 1970 ὄντες
1850 1891 1916 1968 ἐς
1958 1886 2041 1957 τὰ

120 1992 532 2083 πορρωτάτω
559 2000 674 2083 τῆς
700 1994 954 2072 πόλεως
981 1990 1477 2082 ἀπεδίδρασκον
1494 1992 1809 2081 κτήματα,
1840 1986 1929 2072 ὥς
1954 1985 2040 2061 ἂν

120 2096 213 2186 μή
239 2123 305 2164 τι
336 2096 565 2167 δεινὸν
593 2100 666 2166 ἐκ
692 2103 808 2186 τῆς
835 2099 1150 2185 ἐσομένης
1168 2093 1370 2185 ἀρχῆς
1386 2094 1711 2186 παρόντες
1727 2096 2037 2165 πάθοιεν·

122 2204 193 2269 οἱ
215 2199 291 2269 δὲ
309 2206 704 2288 στρατιῶται
733 2202 876 2271 ἐπεὶ
901 2199 1021 2268 τόν
1046 2227 1117 2268 τε
1145 2204 1363 2289 δῆμον
1386 2195 1793 2289 ἡσυχάζοντα
1822 2206 2033 2286 ἔγνω·
2064 2211 2100 2265 4

43 2334 92 2374 20
126 2324 256 2372 σαν
282 2302 444 2393 μήτε
469 2302 620 2374 τινὰ
645 2309 990 2393 τολμῶντα
1019 2305 1407 2385 ἐπεξελθεῖν
1432 2309 1526 2396 τῷ
1552 2309 1673 2372 τοῦ
1714 2306 2041 2391 βασιλέως

126 2412 352 2495 αἵματι
367 2458 386 2493 ,
417 2412 656 2495 ἔμενον
682 2408 808 2497 μὲν
835 2404 1022 2485 ἐντὸς
1046 2411 1168 2476 τοῦ
1204 2414 1465 2493 τείχους
1491 2413 2043 2485 κατακλείσαντες

127 2508 436 2596 ἑαυτούς,
466 2508 914 2599 ἀναγαγόντες
948 2509 1024 2578 δὲ
1061 2506 1218 2589 τοὺς
1246 2506 1756 2597 εὖφωνοτάτους
1784 2513 2043 2582 ἑαυτῶν

127 2614 235 2682 ἐπὶ
262 2610 338 2683 τὸ
365 2630 576 2702 τεῖχος
601 2614 1098 2704 προεκήρυττον
1143 2610 1349 2683 ὤνιον
1374 2610 1499 2701 τὴν
1526 2620 1906 2702 βασιλείαν,
1946 2609 2041 2705 τῷ

127 2743 196 2785 τε
237 2720 444 2786 πλέον
493 2714 818 2807 ἀργύριον
872 2714 1155 2787 δώσοντι
1199 2719 1553 2805 ἐγχειριεῖν
1591 2712 2041 2805 ὑπισχνοῦντο

51 2856 97 2897 25
129 2817 254 2909 τὴν
279 2817 490 2911 ἀρχὴν
515 2823 629 2889 καὶ
673 2820 786 2891 διὰ
822 2826 962 2890 τῶν
1001 2816 1231 2889 ὅπλων
1268 2815 1477 2889 αὐτὸν
1514 2816 1785 2903 ἀνάξειν
1826 2816 2041 2899 ἀδεῶς

129 2926 192 3003 ἐς
229 2922 356 3012 τὴν
393 2928 736 3012 βασίλειον
778 2921 1014 3014 αὐλήν.
1122 2925 1268 2993 ἐπεὶ
1306 2923 1384 2993 δὲ
1434 2920 1509 2993 τὸ
1546 2924 1855 3015 κήρυγμα
1896 2926 2035 2990 διε-
2066 2937 2099 2989 5

127 3033 484 3116 φοίτησεν,
533 3032 606 3097 οἱ
650 3028 774 3116 μὲν
811 3026 1204 3118 σεμνότεροί
1237 3054 1312 3095 τε
1362 3028 1475 3095 καὶ
1528 3024 2041 3113 εὐσταθέστεροι

125 3134 239 3220 τῆς
264 3130 642 3221 συγκλήτου
659 3136 927 3222 βουλῆς,
943 3127 1085 3199 ὅσοι
1113 3158 1185 3199 τε
1212 3127 1607 3217 εὐπατρίδαι
1633 3124 1676 3217 ἢ
1705 3135 1799 3197 ἔτι
1828 3128 2037 3198 πλού-

128 3253 293 3320 σιοι,
323 3242 612 3316 λείψανα
639 3230 831 3322 ὀλίγα
867 3240 984 3325 τῆς
1007 3234 1375 3322 Κομμόδου
1412 3238 1846 3322 τυραννίδος,
1884 3228 2039 3301 οὔτε

55 3374 99 3415 30
133 3342 522 3428 προσῆλθον
560 3343 657 3432 τῷ
692 3346 892 3427 τείχει
931 3334 1088 3408 οὔτε
1129 3334 1396 3427 ἀπρεπῆ
1434 3336 1545 3405 καὶ
1584 3339 2042 3407 ἐπονείδιστον
2098 3386 2107 3395 .

130 3440 410 3531 χρήμασι
439 3440 812 3531 κτήσασθαι
837 3438 961 3532 τὴν
999 3437 1214 3531 ἀρχὴν
1254 3437 1597 3529 ἠθέλησαν
1611 3462 1626 3477 ·
1700 3437 2039 3533 Ἰουλιανῷ
2066 3458 2101 3514 6

135 3547 212 3614 δέ
241 3572 372 3615 τινι
390 3598 409 3632 ,
450 3542 578 3635 ἤδη
615 3544 742 3634 μὲν
774 3542 900 3634 τὴν
936 3540 1196 3613 ὕπατον
1237 3541 1605 3613 τετελεκότι
1646 3538 1891 3633 ἀρχήν,
1920 3548 2035 3613 δο-
