2475 3859
861 124 1309 185 AEYTEPON
1958 122 2037 184 55
2090 186 2095 193 ,

123 288 324 361 ὁδοῦ.
430 295 575 363 ἐπεὶ
609 294 684 364 δὲ
715 291 883 364 κατὰ
921 293 1044 384 τὴν
1071 302 1185 383 τῆς
1217 292 1463 385 ἀγορᾶς
1504 290 1715 385 ἀρχὴν
1754 297 2036 385 ἐγένετο,
2068 306 2106 367 6

127 401 308 465 ἔνθα
335 398 444 465 ἐπὶ
471 404 584 484 τῆς
625 402 1066 488 δημοκρατίας
1107 399 1435 488 πρότερον
1470 394 1507 467 ὃ
1548 404 1753 486 δῆμος
1790 396 2046 469 συνιῶν

125 501 592 587 ἐκκλησίαζεν,
629 496 822 593 ᾠήθη
862 499 984 570 τὸν
1024 506 1230 571 ἵππον
1270 499 1753 571 ἀποσείσασθαι
1778 498 1901 589 μὲν
1927 499 2049 571 τὸν

123 609 518 691 Περτίνακα
543 605 656 673 καὶ
681 608 904 691 ῥῖψαι,
944 601 1128 696 αὐτῷ
1161 605 1236 674 δὲ
1276 602 1490 685 ἄλλως
1527 606 1757 674 ἑστῶτι
1785 601 2048 675 ὑποδῦ-

59 731 88 771 5
126 712 257 775 ναί
279 733 350 774 τε
378 703 587 777 αὐτὸν
613 708 724 776 καὶ
753 704 1088 797 ἀράμενον
1121 709 1230 777 ἐπὶ
1270 722 1405 789 τοῖς
1440 706 1673 789 νώτοις
1707 708 1941 797 φέρει-ν
1974 735 2047 777 τε

127 805 452 896 ἀσφαλῶς
487 812 599 879 καὶ
635 817 870 899 στῆναι
908 816 1196 899 βεβαίως
1235 814 1346 880 ἐπὶ
1382 816 1497 897 τῆς
1540 807 1784 901 ἀγορᾶς
1824 797 2045 899 μέσης,

129 914 204 991 ἐς
229 908 402 993 ῦψος
429 909 682 1001 ἄραντα
708 912 826 982 τὸν
851 920 1160 1002 Σευῆρον
1187 908 1277 994 ῶς
1303 910 1435 982 ὑπὸ
1464 913 1733 983 πάντων
1758 910 2055 1001 ὁρᾶσθαί

129 1040 208 1083 τε
245 1016 360 1083 καὶ
397 1022 735 1104 τιμᾶσθαι.
815 1018 998 1105 μένει
1044 1015 1119 1085 δὲ
1149 1018 1260 1085 καὶ
1288 1020 1355 1097 ἐς
1382 1012 1547 1103 ἡμᾶς
1576 1019 1650 1086 ἐν
1682 1020 1917 1110 ἐκείνῳ
1956 1023 2049 1110 τῷ

131 1114 424 1210 χωρίωὴ
451 1125 571 1189 τοῦ
589 1114 928 1208 ὀνείρατος
951 1118 1150 1189 εἰκῶν
1167 1127 1462 1208 μεγίστη,
1492 1126 1737 1206 χαλκοῦ
1766 1145 2049 1208 πεποιη-

47 1252 98 1292 1⁰
131 1222 324 1308 μένη.
430 1218 608 1291 οὕτω
641 1228 874 1291 τοίνυν
915 1219 951 1291 ὁ
993 1229 1298 1311 Σεσῆρος
1338 1218 1572 1313 ἀρθεὶς
1602 1220 1725 1310 τὴν
1752 1221 2046 1311 γνώμην,
2078 1238 2109 1293 7

135 1327 422 1408 ἐλπίζων
461 1352 532 1395 τε
570 1332 733 1417 θεία
769 1333 1058 1417 προνοίᾳ
1092 1328 1200 1395 ἐπὶ
1254 1323 1379 1414 τὴν
1426 1322 1637 1414 ἀρχὴν
1674 1334 2050 1413 καλεῖσθαι,

135 1424 514 1517 ἀπόπειραν
553 1430 835 1497 ἐποιεῖτο
863 1436 976 1516 τῆς
1017 1435 1152 1498 τῶν
1185 1436 1609 1519 στρατιωτῶν
1634 1428 1934 1517 γνώμης,
1971 1426 2055 1498 τὰ

135 1524 292 1622 μὲνι
307 1536 536 1619 πρῶτα
573 1527 721 1599 κατ’
769 1527 1041 1619 ὀλίγους
1078 1527 1409 1621 ἡγεμόνας
1448 1559 1520 1601 τε
1564 1534 1676 1600 καὶ
1716 1530 2055 1621 χιλιάρχας

136 1631 298 1715 τούς
325 1661 398 1703 τε
425 1636 498 1703 ἐν
530 1650 670 1715 τοῖς
697 1637 1166 1723 στρατοπέδοις
1205 1636 1540 1722 ἐξέχοντας
1576 1635 2053 1723 οἰκειούμενος,

51 1766 104 1809 15
136 1738 256 1806 καὶ
294 1739 446 1826 περὶ
477 1744 592 1826 τῆς
629 1733 834 1828 ἀρχῆς
879 1744 1016 1807 τῶν
1051 1733 1387 1825 Ῥωμαίων
1422 1737 1921 1825 διαλεγόμενος,
1964 1733 2054 1817 ὥς

135 1840 562 1911 παντάπασιν
601 1847 906 1930 ἔρριπται
942 1836 1222 1921 οὐδενὸς
1264 1837 1455 1920 ὄντος
1490 1846 1611 1909 τοῦ
1652 1842 1975 1928 γενναίως
2008 1834 2054 1927 ἢ

137 1938 294 2013 κατ’
325 1940 516 2025 ἀξίαν
555 1939 770 2031 αὐτὴν
809 1949 1245 2023 διοικοῦντος.
1337 1945 1641 2030 διέβαλλε
1680 1942 1757 2011 δὲ
1794 1940 1949 2025 τοὺς
1980 1944 2054 2012 ἐν
2076 1960 2112 2014 8

128 2042 347 2136 Ῥώμη
375 2045 777 2135 στρατιώτας
803 2042 893 2127 ὥς
921 2042 1237 2127 ἀπίστους
1278 2048 1390 2115 καὶ
1428 2053 1744 2139 βασιλείῳ
1784 2047 1897 2115 καὶ
1938 2048 2056 2134 ἐμ-

141 2156 372 2241 φυλίῳ
414 2154 638 2237 αἵματι
677 2150 1039 2238 μιάναντας
1073 2147 1194 2219 τὸν
1253 2145 1493 2237 ὅρκον,
1550 2150 1741 2236 ἔλεγέ
1785 2176 1857 2219 τε
1910 2154 2057 2218 δεῖν

53 2280 108 2321 2⁰
140 2255 480 2340 ἐπαμῦναι
505 2254 619 2321 καὶ
656 2254 1042 2335 ἐπεξελθεῖν
1069 2258 1160 2345 τῷ
1185 2259 1599 2341 Περτίνακος
1632 2251 1844 2346 φόνῳ.
1907 2248 2058 2342 ᾔδει

141 2355 223 2425 δὲ
249 2354 498 2437 πάντας
517 2353 674 2438 τοὺς
699 2354 866 2425 κατὰ
885 2354 958 2425 τὸ
982 2352 1349 2445 Ἰλλυρικὸν
1376 2355 1775 2447 στρατιώτας
1800 2382 2054 2445 μεμνη*

141 2458 392 2548 μένους
427 2465 544 2545 τῆς
584 2464 997 2547 Περτίνακος
1037 2454 1427 2547 ἡγεμονίας·
1468 2455 1603 2529 ὑπὸ
1635 2457 1763 2547 γὰρ
1790 2457 2055 2549 Μάρκῳ
2082 2477 2117 2532 9

143 2560 574 2650 βασιλεύοντι
605 2560 816 2631 πολλὰ
858 2565 1116 2650 ἐγείρας
1156 2560 1289 2630 σύν
1318 2558 1547 2643 αὐτοῖς
1586 2560 1753 2631 κατὰ
1795 2566 2060 2651 Γερμα-

143 2670 290 2733 νῶν
316 2663 629 2753 τρόπαια,
661 2664 1022 2753 στρατηγός
1047 2690 1120 2733 τε
1145 2665 1260 2733 καὶ
1301 2660 1569 2753 ἡγεμών
1608 2672 1743 2733 τῶν
1776 2660 2061 2753 Ἰλλυρι-

55 2800 112 2841 25
147 2774 294 2837 κῶν
327 2774 786 2855 κατασταθείς,
815 2764 1136 2857 ἀνδρείαν
1165 2766 1291 2855 μὲν
1318 2774 1537 2836 πᾶσαν
1558 2770 1633 2837 ἐν
1658 2780 1799 2847 ταῖς
1827 2766 2062 2855 μάχαις

146 2867 318 2960 πρὸς
343 2867 500 2951 τοὺς
525 2878 893 2959 πολεμίους
911 2871 1349 2956 ἐπεδέδεικτο,
1366 2866 1641 2939 εὔνοιαν
1666 2870 1743 2938 δὲ
1770 2871 1881 2938 καὶ
1899 2896 2064 2957 χρη-

147 2972 434 3061 στότητα
477 2970 640 3060 μετὰ
679 2973 1028 3062 σώφρονος
1074 2973 1188 3041 καὶ
1229 2975 1563 3052 ἐπιεικοῦς
1592 2975 1894 3055 ἐξουσίας
1931 2986 2067 3051 τοῖς

149 3073 544 3164 ἀρχομένοις
595 3079 996 3165 παρέσχητο,
1041 3071 1210 3145 ὅθεν
1251 3071 1462 3145 αὐτοῦ
1502 3073 1625 3163 τὴν
1660 3073 1926 3163 μνήμην
1966 3100 2069 3143 τι-

151 3186 410 3269 μῶντες
437 3181 546 3249 ἐπὶ
573 3194 711 3261 τοῖς
747 3176 960 3260 οὕτως
999 3175 1192 3267 ώμῶς
1227 3174 1374 3247 κατ’
1422 3174 1633 3247 αὐτοῦ
1670 3178 2069 3266 τετολμημέψ

67 3311 122 3351 8⁰
157 3310 305 3363 νοις
329 3278 772 3370 ἠγανάκτουν.
878 3281 1120 3369 ταύτης
1159 3280 1244 3369 δὴ
1290 3288 1405 3369 τῆς
1438 3280 1835 3369 προφάσεως
1862 3276 2059 3368 λαβό-
2102 3305 2171 3359 10

155 3412 360 3474 μενος
407 3381 446 3453 ὁ
497 3391 799 3475 Σευῆρος
843 3382 1148 3476 εὐμαρῶς
1187 3382 1437 3463 αὐτοὺς
1489 3381 1600 3473 ἐφ’
1656 3380 1702 3453 ἃ
1752 3383 2066 3472 ἐβούλετο

155 3485 575 3578 ὑπηγάγετο,
605 3485 1178 3578 προσποιούμενος
1215 3484 1341 3577 οὐχ
1366 3483 1543 3559 οὕτω
1573 3494 1687 3578 τῆς
1714 3484 1917 3578 ἀρχῆς
1944 3484 2068 3556 ἀν·-
