2475 3859
571 836 1114 899 ΒΙΒΛΙΟΝ
1173 832 1712 901 ΠΡΩΤΟΝ.

362 1003 488 1105 Οἱ
510 1043 807 1105 πλεῖστοι
823 1040 962 1105 τῶν
980 1037 1134 1127 περὶ
1147 1034 1567 1127 συγκομιδὴν
1584 1040 1873 1126 ἱστορίας
1892 1032 2087 1127 ἄσχο-

177 1142 532 1229 ληθέντων
571 1144 790 1229 ἔργων
829 1166 904 1209 τε
945 1140 1150 1210 πάλαι
1198 1140 1579 1228 γεγονότων
1618 1139 1886 1229 μνήμην
1922 1138 2087 1211 ἄνα-

175 1242 566 1315 νεῶσασθαι
576 1241 1126 1331 σπουδασάντων,
1144 1250 1451 1325 παιδείας
1463 1246 1651 1323 κλέος
1666 1240 1889 1313 ἀίδιον
1904 1244 2053 1333 μνω’
2062 1286 2085 1295 -

173 1374 399 1438 μενοι,
443 1339 532 1427 ῶς
563 1339 650 1414 ἂν
675 1341 766 1434 μὴ
795 1346 1255 1437 σιωπήσαντες
1292 1347 1574 1418 λάθοιεν
1610 1350 1679 1427 ἐς
1714 1344 1836 1417 τὸν
1872 1346 2090 1418 πολὺν

101 1480 131 1521 5
173 1450 412 1541 ὅμιλον
437 1445 926 1538 ἀριθμούμενοι
941 1502 960 1535 ,
987 1456 1103 1540 τῆς
1127 1451 1254 1540 μὲν
1292 1449 1617 1541 ἀληθείας
1642 1452 1719 1519 ἐν
1740 1466 1884 1531 ταῖς
1909 1448 2089 1540 ἆφη·

173 1554 453 1644 γήσεσιν
503 1548 942 1643 ὠλιγώρησαν
954 1604 973 1639 ,
1015 1551 1139 1641 οὐχ
1175 1552 1412 1643 ἥκιστα
1452 1554 1529 1625 δὲ
1578 1554 2089 1645 ἐπεμελήθησαν

173 1653 486 1747 φράσεως
512 1682 584 1723 τε
623 1656 734 1724 καὶ
773 1653 1144 1745 εὐφωνίας,
1171 1663 1590 1749 θαρροῦντες
1626 1652 1749 1743 ῶς,
1778 1668 1847 1727 εἴ
1871 1685 1937 1727 τι
1977 1658 2091 1726 καὶ

173 1764 496 1849 μυθῶδες
533 1760 826 1844 λέγοιεν,
863 1756 940 1827 τὸ
986 1759 1110 1847 μὲν
1149 1754 1283 1847 ἡδύ
1320 1766 1437 1849 τῆς
1482 1758 1860 1849 ἀκροάσεως
1894 1757 2091 1829 αὐτοὶ

174 1860 644 1953 καρπώσονται
659 1911 678 1944 ,
711 1857 788 1929 τὸ
817 1857 877 1930 δ’
910 1858 1182 1950 ἀκριβὲς
1206 1867 1323 1951 τῆς
1361 1862 1715 1945 ἐξετάσεως
1747 1859 1873 1931 οὐκ
1900 1864 2085 1948 ἐλεγ-

76 1994 136 2034 ιο
175 1965 522 2055 χθήσεται.
629 1964 758 2033 εἰσὶ
803 1960 868 2032 δ’
917 1971 986 2033 οἳ
1021 1961 1186 2055 πρὸς
1231 1970 1489 2055 ἔχθραν
1527 1959 1573 2054 ἢ
1612 1979 1801 2053 μῖσος
1834 1963 2082 2055 τυράν-
2109 1988 2143 2041 2

171 2096 349 2156 νων,
389 2075 750 2137 κολακείαν
787 2093 860 2137 τε
896 2062 941 2156 ἢ
977 2065 1178 2157 τιμὴν
1214 2070 1549 2155 βασιλέων
1586 2066 1843 2149 πόλεώς
1872 2095 1947 2137 τε
1972 2070 2087 2137 καὶ

174 2176 467 2243 ἰδιωτῶν
482 2222 500 2256 ,
544 2167 783 2259 εὐτελῆ
817 2172 932 2239 καὶ
969 2168 1173 2262 μικρὰ
1211 2176 1375 2261 ἔργα
1414 2171 1635 2259 λόγων
1679 2168 1882 2261 ἀρετῇ
1926 2169 2083 2261 δόξῃ

173 2277 558 2366 παρέδοσαν
595 2279 710 2363 τῆς
751 2270 1076 2363 ἀληθείας
1113 2280 1385 2364 μείζονι,
1490 2270 1623 2362 ἐγῶ
1665 2274 1741 2345 δὲ
1788 2279 2085 2365 ἱστορίαν
2107 2301 2142 2355 3

175 2377 260 2449 οὐ
294 2374 455 2469 παρ’
495 2374 722 2447 ἄλλων
748 2373 1235 2467 ἀποδεξάμενος
1262 2374 1609 2465 ἅγνωστόν
1632 2403 1705 2446 τε
1730 2379 1843 2448 καὶ
1868 2376 2079 2467 ἀμάρ-

83 2518 136 2560 15
171 2509 413 2573 τυρον,
455 2476 590 2551 ὑπὸ
633 2486 843 2572 νεαρᾷ
884 2481 960 2551 δὲ
999 2485 1084 2569 τῇ
1118 2486 1259 2551 τῶν
1300 2482 1793 2569 ἐντευξομένων
1834 2482 2080 2572 μνήμη,

173 2583 336 2674 μετα
384 2583 598 2672 πάσης
636 2580 978 2674 ἀκριβείας
1025 2582 1317 2675 ἥθροισα
1368 2587 1437 2665 ἐς
1486 2584 1915 2675 συγγραφήν,
1958 2582 2081 2654 οὐκ

171 2684 423 2778 ἀτερπῆ
447 2684 572 2776 τὴν
598 2692 852 2774 γνῶσιν
875 2690 988 2757 καὶ
1013 2702 1150 2769 τοῖς
1175 2684 1459 2779 ὕστερον
1484 2694 1759 2757 ἔσεσθαι
1790 2694 2077 2779 προσδο-

175 2791 378 2881 κήσας
405 2796 623 2879 ἔργων
645 2789 958 2879 μεγάλων
993 2818 1064 2860 τε
1091 2793 1204 2861 καὶ
1231 2796 1503 2861 πολλῶν
1528 2793 1603 2861 ἐν
1628 2788 1831 2885 ὀλίγῳ
1860 2791 2079 2883 χρόνῳ

175 2896 573 2982 γενομένων.
679 2900 744 2963 εί
777 2899 948 2982 γοῦν
987 2921 1087 2975 τις
1122 2894 1501 2983 παραβάλοι
1540 2892 1755 2964 πάντα
1791 2892 1911 2963 τὸν
1946 2891 2077 2963 ἀπὸ
2104 2907 2141 2961 4

86 3022 143 3061 πο
179 3002 302 3067 τοῦ
338 3002 688 3085 Σεβαστοῦ
735 2997 1010 3087 χρόνον,
1052 3000 1122 3081 ἐξ
1165 2988 1377 3088 οὗπερ
1416 2993 1459 3087 ἡ
1491 2992 1827 3085 Ῥωμαίων
1867 3001 2074 3067 δυνα-

174 3106 361 3171 στεία
397 3102 754 3188 μετέπεσεν
782 3103 848 3183 ἐς
871 3108 1261 3192 μοναρχίαν,
1298 3098 1425 3171 οὐκ
1462 3094 1551 3169 α”ν
1591 3096 1775 3189 εὕροι
1803 3101 1879 3169 ἐν
1902 3106 2076 3169 ἔτεσι

174 3210 336 3296 περί
373 3228 506 3273 που
535 3208 908 3285 διακοσίοις
919 3206 1110 3296 μέχρι
1135 3210 1273 3275 τῶν
1312 3203 1607 3291 Μάρκου
1642 3208 1897 3293 καιρῶν
1922 3202 2077 3274 οὔτε

173 3310 534 3399 βασιλειῶν
559 3303 778 3387 οὕτως
795 3308 1206 3399 ἐπαλλήλους
1233 3305 1567 3395 διαδοχάς,
1590 3303 1745 3375 οὔτε
1771 3310 2079 3397 πολέμων

175 3416 524 3502 ἐμφυλίων
549 3437 644 3481 ,τε
695 3412 810 3479 καὶ
857 3414 1070 3494 ξένων
1107 3411 1309 3499 τύχας
1354 3418 1688 3494 ποικίλας,
1740 3413 1965 3481 ἐθνῶν
2004 3439 2077 3482 τε

92 3543 146 3585 25
179 3515 472 3608 κινήσεις
509 3514 628 3584 καὶ
650 3513 913 3593 πόλεων
945 3510 1226 3597 ἁλώσεις
1260 3519 1399 3585 τῶν
1432 3541 1505 3583 τε
1544 3516 1621 3584 ἐν
1656 3509 2081 3673 τ1ῇ*ἡμεδαπῇ
