2475 3859
841 92 1283 151 ΤΕΤΛΡΤΟΝ
1898 90 2015 155 125

97 264 474 335 ἐπιστέλλει
499 287 572 333 τε
611 267 702 355 τῷ
728 269 1140 355 Παρθυαίῳ,
1185 264 1403 350 λέγων
1428 262 1547 333 τὸν
1572 264 1697 353 μὲν
1722 268 1874 358 περὶ
1902 265 2017 349 τὰς

97 364 406 447 σπονδὰς
431 368 544 435 καὶ
569 363 724 447 τούς
749 361 995 455 ὅρκους
1021 362 1430 453 ἀδικήσαντα
1466 370 1741 455 βασιλέα
1766 380 2017 458 τεθνη-

95 472 298 539 κέναι
325 474 516 550 δίκας
541 496 612 539 τε
637 466 821 551 ἀξίας
851 458 948 553 ὦν
974 475 1212 558 ἔδρασε
1240 472 1625 557 δεδωκέναι,
1658 468 2017 560 Ῥωμαίους

99 574 206 659 δέ,
239 562 336 641 οἷν
369 574 551 643 ἐστὶν
579 568 622 661 ἡ
651 567 839 660 ἀρχή,
869 573 1084 665 ἑαυτῷ
1111 570 1193 641 τὰ
1219 578 1337 661 τῆς
1361 580 1699 660 βασιλείας
1722 578 2014 663 ἐγκεχει-

31 700 59 739 5
101 676 403 761 ρικέναι·
432 674 595 764 μήτε
621 674 697 743 δὲ
723 669 1127 764 ἀρέσκεσθαι
1151 690 1288 756 τοῖς
1314 685 1743 765 πραχθεῖσιν,
1776 683 2013 766 αἰχμα-
2039 696 2077 750 8

99 778 365 859 λιότους
389 805 461 848 τε
487 777 645 859 τους
671 777 1022 866 περιόντας
1049 773 1443 865 ἀποδοῦναι,
1474 777 1773 868 χρήματά
1796 808 1867 849 τε
1892 777 2017 850 ὅσα

97 879 374 971 ἡρπάγη
403 878 745 967 ἀποτῖσαι,
776 886 954 973 φίλῳ
990 908 1062 949 τε
1105 878 1254 949 ἀντὶ
1297 884 1548 969 ἐχθροῦ
1588 890 1879 972 χρῆσθαι
1906 884 2019 952 καὶ

97 983 232 1073 τὴν
261 984 535 1072 εἰρήνην
561 981 784 1073 ὅρκοις
809 985 923 1052 καὶ
946 989 1265 1065 σπονδαῖς
1297 992 1679 1072 βεβαιῶσαι.
1712 981 1747 1055 ὃ
1776 988 1851 1056 δὲ
1872 984 2017 1073 Ἀρ-

103 1088 393 1175 τάβανος
427 1086 636 1156 ταῦτά
671 1114 743 1156 τε
783 1082 1118 1175 ἀναγνοὺς
1159 1088 1273 1156 καὶ
1315 1090 1659 1175 διδαχθεὶς
1702 1085 1835 1158 ὑπὸ
1880 1096 2021 1158 τῶν

15 1212 70 1253 1⁰
104 1192 459 1278 πρέσβεων
490 1191 646 1280 περὶ
671 1195 786 1277 τῆς
822 1185 1226 1259 Ἀντωνίνου
1256 1186 1687 1280 ἀναιρέσεως,
1718 1188 2015 1281 αὐτάρκη

100 1300 436 1381 τιμωρίαν
463 1290 581 1363 τὸν
621 1293 1267 1382 παρασπονδήσαντα
1306 1296 1671 1364 δεδωκέναι
1708 1302 2014 1383 νομίζων,

103 1403 232 1466 τοῦ
260 1422 330 1465 τε
357 1402 640 1483 στρατοῦ
669 1391 850 1487 αὐτῷ
886 1399 1421 1484 τετρυχωμένου,
1456 1393 1736 1486 ἀγαπῶν
1763 1426 1831 1467 τε
1858 1396 2015 1478 τοὺς
2043 1421 2079 1475 9

105 1499 568 1587 αἰχμαλώτους
623 1500 736 1568 καὶ
788 1496 870 1567 τὰ
919 1499 1214 1586 χρήματα
1266 1496 1592 1586 ἀναιμωτὶ
1630 1497 2017 1590 ἀπολαβεῖν,

105 1602 550 1698 σπεισάμενος
579 1600 853 1691 εἰρήνην
879 1600 1044 1689 πρὸς
1084 1600 1202 1671 τὸν
1242 1610 1602 1689 Μακρῖνον
1639 1606 1705 1683 ἐς
1741 1602 1820 1672 τὰ
1860 1606 2020 1672 ἑαυ-

23 1731 74 1769 15
110 1712 240 1775 τοῦ
289 1708 730 1794 ἐπανέρχεται.
813 1700 852 1773 ὃ
881 1704 964 1773 δὲ
1003 1701 1124 1773 τόν
1167 1710 1283 1787 [τε]
1326 1703 1609 1794 στρατὸν
1648 1701 2021 1788 ἀπαλλάξας

105 1816 228 1897 τῆς
281 1811 355 1877 ἐν
395 1814 880 1899 Μεσοποταμίᾳ
905 1836 910 1839 ·
931 1813 1274 1897 διατριβῆς
1327 1810 1393 1887 ἐς
1448 1806 1570 1895 τὴν
1616 1804 2019 1896 Ἀντιόχειαν

105 1909 441 2000 ἠπείγετο.

21 2245 76 2285 ⁴2⁰
443 2222 980 2287 ΒΙΒΛΙΟΝ
1053 2224 1693 2288 ΠΕΜΠΤΟΝ.

304 2418 527 2503 Ὅπως
553 2420 678 2510 μὲν
697 2418 780 2509 δὴ
809 2416 844 2489 ὁ
878 2418 1272 2503 Ἀντωνῖνος
1308 2414 1470 2513 ἦρξέ
1494 2450 1565 2493 τε
1605 2425 1718 2493 καὶ
1758 2423 2022 2493 ἐτελεύ-

107 2546 296 2613 τησε,
325 2526 690 2613 δεδήλωται
718 2527 792 2593 ἐν
819 2530 910 2615 τῷ
937 2522 1068 2614 πρὸ
1093 2525 1337 2595 τούτου
1368 2525 1828 2615 συγγράμματι
1860 2523 1923 2613 [ἥ
1952 2554 2023 2594 τε

109 2625 248 2716 πρὸ
276 2627 520 2697 τούτου
553 2624 872 2715 ἐπιβουλὴ
911 2630 1024 2697 καὶ
1064 2628 1361 2715 διαδοχή]
1380 2652 1395 2667 ·
1438 2628 1795 2717 γενόμενος
1833 2630 1911 2697 δὲ
1950 2632 2025 2697 ἐν

21 2760 78 2801 25
114 2736 202 2821 τῇ
236 2727 600 2821 Ἀντιοχείᾳ
626 2726 662 2800 ὁ
689 2738 1039 2817 Μακρῖνος
1064 2733 1427 2800 ἐπιστέλλει
1446 2738 1538 2823 τῷ
1564 2758 1637 2801 τε
1664 2732 1849 2823 δήμῳ
1868 2727 2025 2799 Ῥω-

108 2840 338 2923 μαίων
371 2835 483 2903 καὶ
525 2840 604 2923 τῇ
643 2833 1018 2925 συγκλήτῳ,
1061 2834 1277 2920 λέγων
1315 2832 1561 2903 τοιάδε.
1655 2830 1774 2902 “gv
1812 2834 2021 2903 εἰδόσι
2050 2859 2083 2909 2

109 2936 244 3025 μὲν
269 2933 434 3025 ὑμῖν
459 2942 582 3005 τοῦ
621 2962 694 3005 τε
729 2926 888 3025 βίου
929 2964 1060 3024 μου
1105 2933 1230 3023 τὴν
1274 2938 1341 3017 ἐξ
1384 2932 1586 3024 ἀρχῆς
1636 2944 2026 3026 προαίρεσιν

110 3046 244 3109 τοῦ
273 3068 345 3109 τε
373 3040 628 3128 τρόπου
653 3037 726 3108 τὸ
767 3035 932 3129 πρὸς
967 3036 1367 3128 χρηστότητα
1404 3040 1783 3129 ἐπιρρεπές,
1814 3041 1927 3108 καὶ
1952 3038 2025 3109 τὸ

113 3149 344 3231 πρᾶον
367 3149 485 3231 τῆς
512 3147 966 3230 διοικηθείσης
1004 3140 1331 3231 πρότερον
1370 3141 1697 3230 πράξεως,
1728 3138 1812 3211 οὗ
1853 3141 2029 3211 πολύ

24 3270 78 3311 3ο
112 3276 185 3315 τι
214 3248 514 3328 ἐξουσίας
538 3247 651 3315 καὶ
667 3243 1011 3333 δυνάμεως
1029 3250 1373 3333 βασιλικῆς
1398 3241 1827 3333 ἀποδεούσης,
1858 3240 2029 3313 ὅπου

113 3377 198 3439 γε
229 3351 342 3417 καὶ
367 3346 569 3430 αὐτὸς
595 3345 632 3419 ὁ
661 3346 972 3437 βασιλεὺς
1009 3362 1146 3429 τοῖς
1182 3347 1541 3438 ἐπάρχουσι
1580 3354 1714 3417 τῶν
1752 3368 2033 3439 στρατο-

114 3454 352 3522 πέδων
396 3459 852 3537 πεπίστευται,
913 3448 1222 3540 περιττὸν
1271 3458 1511 3541 νομίζω
1563 3466 2031 3542 μακρηγορεῖν.
