2475 3859
922 131 1352 192 ΕΒΔΟΜΟΝ
1972 129 2090 192 167

173 301 308 372 εἰσὶ
335 297 412 372 δὲ
434 300 550 371 καὶ
575 297 744 391 πρὸς
758 298 832 371 τὸ
859 298 1184 389 νήχεσθαι
1203 302 1734 392 γεγυμνασμένοι
1760 299 1875 374 ἅτε
1900 300 2085 395 μόνῳ
2112 319 2149 377 6

173 410 443 497 λουτρῷ
470 417 608 484 τοῖς
635 419 952 493 ποταμοῖς
976 404 1327 493 χρεόμενοι.

382 508 538 596 περὶ
567 508 794 576 ἐκεῖνα
821 497 948 576 οὖν
973 506 1255 595 μάλιστα
1290 505 1371 579 τὰ
1408 513 1617 597 χωρία
1658 513 1735 578 αἱ
1763 508 2093 597 συμβολαὶ

175 613 480 700 ἐγίνοντο
494 632 512 650 ·
542 615 714 679 ἔνθα
739 611 853 680 καὶ
877 610 1314 697 γενναιότατα
1340 607 1543 690 αὐτὸς
1571 606 1608 678 ὁ
1635 607 1951 699 βασιλεὺς
1976 615 2093 698 τῆς

109 743 140 786 ε
174 712 386 802 μάχης
431 702 649 802 ἦρξεν.
741 714 851 783 ε’πὶ
893 712 1022 802 γάρ
1065 741 1198 783 τινι
1236 717 1373 784 ἕλει
1417 721 1741 806 μεγίστῳ,
1786 719 1925 784 τῶν
1966 713 2091 801 μὲν

172 821 542 906 Γερμανῶν
573 817 640 896 ἐς
667 811 832 885 αὐτὸ
861 812 1393 904 ἀναχωρούντων
1410 820 1478 898 ἐς
1494 816 1743 905 φυγήν,
1772 819 1839 898 ἐς
1865 819 2095 899 δίωξιν

173 919 252 990 δὲ
280 915 616 1006 Ῥωμαίων
633 921 1050 990 ἐπεισελθεῖν
1080 915 1500 1006 ὀκνούντων,
1520 927 1777 1009 πρῶτος
1804 916 1841 988 ὁ
1871 923 2097 1002 Maga-

172 1037 369 1112 μῖνος
399 1018 535 1110 ἅμα
561 1027 654 1114 τῷ
691 1026 874 1114 ἵππῳ
913 1019 1223 1111 ἐμβαλῶν
1262 1026 1330 1104 ἐς
1368 1019 1443 1092 τὸ
1470 1025 1649 1111 ἕλος,
1678 1028 1895 1093 καίτοι
1920 1017 2092 1110 ὑπὲρ

173 1126 464 1214 γαστέρα
517 1130 642 1194 τοῦ
693 1129 903 1196 ἵππου
957 1127 1399 1215 βρεχομένου,
1454 1122 1615 1206 τοὺς
1666 1121 2093 1206 ἀνθεστῶτας

93 1253 142 1294 ιο
177 1226 510 1317 ἐφόνευσε
552 1227 970 1316 βαρβάρους,
1011 1223 1100 1308 ῶς
1137 1227 1257 1298 τὸν
1295 1225 1531 1298 λοιπὸν
1580 1226 1863 1318 στρατὸν
1904 1233 2088 1298 αίδε-
2118 1241 2151 1297 7

173 1332 430 1402 σθέντα
477 1336 852 1418 προδοῦναι
902 1330 1279 1419 μαχόμενον
1332 1328 1504 1420 ὑπὲρ
1552 1328 1778 1401 αὐτῶν
1820 1333 2095 1421 βασιλέα

172 1439 502 1522 τολμῆσαί
531 1461 602 1502 τε
641 1434 757 1502 καὶ
785 1449 922 1513 τοῖς
959 1436 1182 1504 ἕλεσιν
1219 1437 1670 1522 ἐπεισελθεῖν,
1710 1432 1885 1504 πολὺ
1922 1437 2003 1504 δέ
2030 1461 2095 1504 τι

174 1543 440 1625 πλῆθος
477 1537 897 1625 ἑκατέρωθεν
939 1551 1204 1624 πεσεῖν,
1250 1538 1365 1606 καὶ
1410 1533 1747 1625 Ῥωμαίων
1788 1537 1915 1624 μὲν
1952 1591 1967 1605 .
2018 1591 2034 1606 .
2076 1590 2091 1605 .

175 1646 316 1709 τῶν
341 1639 418 1708 δὲ
454 1638 821 1728 βαρβάρων
859 1634 1101 1726 σχεδόν
1142 1637 1269 1728 τὴν
1303 1637 1451 1709 τότε
1488 1645 1841 1728 παροῦσαν
1880 1639 2093 1710 δύνα-

95 1774 144 1814 15
175 1770 329 1832 μιν,
383 1737 849 1831 ἀριστεύοντος
893 1738 1138 1829 αὐτοῦ,
1187 1738 1279 1822 ῶς
1324 1741 1401 1811 τό
1452 1769 1525 1810 τε
1570 1744 1717 1822 ἕλος
1767 1740 2093 1834 σωμάτων

171 1851 640 1935 πληρωθῆναι,
666 1843 788 1934 τήν
813 1871 886 1914 τε
911 1850 1154 1940 λίμνην
1172 1850 1399 1933 αἵματι
1424 1854 1873 1937 κερασθεῖσαν
1898 1852 2093 1928 πεζο-

171 1953 500 2037 μαχοῦντι
529 1953 788 2040 στρατῷ
813 1952 1184 2035 ναυμαχίας
1205 1945 1369 2030 ὄψιν
1394 1962 1777 2038 παρασχεῖν.
1832 1943 2083 2035 ταύτην
2115 1964 2152 2018 8

171 2050 302 2140 τὴν
355 2049 571 2139 μάχην
613 2052 727 2120 καὶ
767 2047 892 2139 τὴν
931 2047 1273 2139 ἀριστείαν
1324 2047 1536 2120 αὑτοῦ
1590 2047 1673 2119 οὐ
1724 2049 1932 2138 μόνον
1980 2047 2093 2119 διὰ

177 2153 588 2243 γραμμάτων
611 2160 692 2244 τῇ
719 2181 791 2224 τε
829 2151 1178 2246 συγκλήτῳ
1217 2155 1332 2224 καὶ
1370 2159 1463 2246 τῷ
1508 2152 1695 2246 δήμω
1732 2151 2089 2241 ἐδήλωσεν,

93 2281 148 2322 m
181 2254 354 2328 ἀλλὰ
383 2258 496 2326 καὶ
523 2263 864 2346 γραφῆναι
905 2255 1225 2336 κελεύσας
1263 2263 1601 2346 μεγίσταις
1643 2255 1899 2326 εἰκόσιν
1936 2251 2095 2326 ἀνέ-

175 2371 356 2449 θηκε
385 2357 516 2449 πρὸ
560 2366 682 2430 τοῦ
727 2365 1248 2448 βουλευτηρίου,
1292 2365 1404 2428 ἵνα
1440 2357 1533 2448 μὴ
1572 2358 1781 2447 μόνον
1818 2355 2095 2429 ἀκούειν

175 2461 260 2534 τὰ
295 2462 624 2551 γενόμενα
649 2459 817 2532 ἀλλὰ
843 2463 957 2531 καὶ
983 2463 1259 2550 βλέπειν
1290 2468 1488 2549 ἔχωσι
1514 2458 1834 2550 Ῥωμαῖοι.
1874 2459 1997 2551 τὴν
2024 2456 2088 2530 δ’

177 2565 408 2636 εἰκόνα
434 2561 719 2654 ὕστερον
743 2571 1061 2634 καθεῖλεν
1100 2560 1143 2653 ἡ
1185 2563 1553 2653 σύγκλητος
1580 2562 1743 2653 μετὰ
1780 2571 1917 2634 τῶν
1952 2573 2095 2634 λοι-

177 2675 330 2739 πῶν
357 2665 571 2738 αὐτοῦ
595 2674 826 2756 τιμῶν.
885 2666 1204 2755 γεγόνασι
1230 2668 1306 2737 δὲ
1340 2669 1454 2737 καὶ
1492 2671 1713 2755 ἕτεραι
1742 2673 2093 2755 συμβολαί,

91 2805 146 2848 π
183 2776 262 2842 ἐν
295 2765 400 2850 αἶς
427 2767 516 2852 ὦς
541 2767 914 2860 αὐτουργός
953 2796 1026 2839 τε
1063 2772 1176 2840 καὶ
1215 2767 1522 2859 αὐτόχειρ
1560 2775 1675 2858 τῆς
1712 2768 1919 2857 μάχης
1944 2766 2097 2858 ἀρι-

179 2873 443 2946 στεύων
467 2901 540 2944 τε
564 2879 904 2961 πανταχοῦ
932 2875 1259 2962 ἐπῃνεῖτο.
1362 2871 1649 2952 πολλοὺς
1668 2871 1743 2940 δὲ
1767 2869 2089 2961 χειρωσά-
2118 2882 2153 2936 9

181 3003 382 3068 μενος
407 2972 634 3048 αὐτῶν
659 2975 1114 3064 αἰχμαλώτους
1131 2979 1246 3047 καὶ
1263 2983 1451 3045 λείαν
1470 2972 1821 3062 ἀπελάσας,
1850 2979 2094 3062 χειμῶ-

181 3108 302 3162 νος
328 3074 460 3170 ἤδη
486 3079 1108 3168 καταλαμβάνοντος
1137 3082 1521 3167 ἐπανῆλθεν
1549 3081 1615 3158 ἐς
1638 3083 1971 3164 Παίονας,
2018 3083 2097 3145 ἔν

185 3211 258 3253 τε
285 3189 552 3276 Σιρμίῳ
573 3187 960 3272 διατρίβων,
987 3187 1068 3272 τῇ
1096 3190 1372 3272 μεγίστη
1399 3184 1540 3252 ἐκεῖ
1560 3180 1752 3252 πόλει
1779 3179 2097 3270 δοκούσῃ,

101 3313 160 3356 εο
184 3285 268 3356 τὰ
299 3282 466 3377 πρὸς
491 3282 618 3374 τὴν
649 3291 910 3356 εἴσοδον
926 3286 995 3366 ἐς
1019 3282 1094 3354 τὸ
1122 3291 1241 3374 ἔαρ
1269 3283 1810 3373 παρεσκευάζετο.
1842 3281 2100 3372 ἠπείλει

181 3389 314 3480 γάρ
342 3390 484 3473 (καὶ
509 3386 812 3476 ποιήσειν
839 3393 1142 3475 ἔμελλεν)
1170 3386 1482 3469 ἐκκόψειν
1512 3415 1584 3456 τε
1610 3389 1723 3455 καὶ
1748 3382 2103 3470 ὑποτάξειν

181 3491 266 3563 τὰ
290 3493 516 3584 μέχρις
543 3486 846 3562 ὠκεανοῦ
871 3496 1238 3580 Γερμανῶν
1256 3497 1427 3580 ἔθνη
1446 3489 1773 3583 βάρβαρα.
