2475 3859
463 98 545 161 56
1197 104 1646 165 ΔΕΥΤΕΡΟΝ

465 283 899 361 τιποιεῖσθαι,
943 268 1100 341 οὐδ’
1143 268 1327 367 αὐτῷ
1368 272 1491 364 τὴν
1542 278 1855 357 ἐξουσίαν
1905 278 2201 362 μνᾶσθαι
2216 327 2237 362 ,
2282 271 2371 356 ὦς

364 392 430 445 11
467 379 698 447 θέλειν
723 379 1106 459 ἐπεξελθεῖν
1132 377 1445 447 τοιούτου
1470 378 1794 466 βασιλέως
1818 381 2063 465 αἵματι.
2142 374 2369 466 ὥσπερ

463 480 540 550 δὲ
589 477 672 549 τὰ
711 480 979 567 σώματα
1031 483 1102 547 οἱ
1140 482 1355 551 ἐκεῖσε
1394 478 1745 571 ἅνθρωποι
1790 479 2253 568 γενναιότατοί
2302 484 2377 551 τέ

463 590 592 653 είσι
617 584 730 653 καὶ
755 581 920 671 πρὸς
946 580 1152 670 μάχας
1178 583 1539 672 ἐπιτήδειοι
1565 586 1677 653 καὶ
1697 582 2158 671 φονικώτατοι,
2188 581 2369 654 οὕτω

459 682 714 766 καὶτὰς
741 690 1042 767 διανοίας
1077 700 1305 773 παχεῖς
1330 688 1442 756 καὶ
1478 685 1567 775 μη
1609 690 1856 779 ῥᾳδίως
1894 700 2195 756 συνεῖναι
2238 693 2367 757 δυ-
2396 711 2415 749 ⁵

460 790 770 877 νάμενοι,
815 797 883 857 εἴ
923 816 984 857 τι
1025 786 1190 876 μετὰ
1244 798 1655 881 πανουργίας
1696 784 1741 878 ἦ
1780 788 1987 859 δόλου
2027 791 2287 877 λέγοιτο
2327 787 2371 879 ἢ

459 891 830 979 πράττοιτο.
860 890 1331 973 πιστεύσαντες
1346 900 1519 981 γοῦν
1543 900 1635 986 τῷ
1656 891 1939 985 Σεεήρςο
1958 915 2366 981 προσποιου-

459 996 637 1086 μένῳ
663 1001 1087 1081 χαλεπαίνειν
1113 996 1224 1065 καὶ
1251 996 1483 1066 θέλειν
1508 999 1895 1078 ἐπεξελθεῖν
1926 1002 2015 1088 τῷ
2032 1002 2366 1086 Περτίνα-

459 1124 572 1179 κος
599 1096 788 1189 φόνῳ
817 1099 1144 1167 ἐπέδοσαν
1169 1093 1451 1187 αὐτούς,
1486 1095 1574 1179 ὥς
1606 1095 2061 1189 αὐτοκράτορά
2092 1126 2163 1169 τε
2194 1095 2363 1169 ἄπο-

361 1206 429 1259 12
459 1203 666 1282 δεῖξαι
693 1202 807 1269 καὶ
835 1196 960 1289 τὴν
985 1197 1197 1290 ἀρχὴν
1225 1204 1603 1293 ἐγχειρίσαι.
1710 1196 1750 1270 ὃ
1796 1198 1861 1272 δ’
1906 1197 1996 1281 ὥς
2038 1208 2210 1290 ἔγνω
2236 1200 2362 1291 τὴν
2394 1229 2433 1268 1⁰

456 1309 592 1374 τῶν
615 1303 933 1373 Παιόνων
959 1303 1265 1393 γνώμην,
1297 1306 1615 1395 διέπεμπε
1642 1307 1756 1373 καὶ
1782 1308 1847 1385 ἐς
1866 1302 1945 1373 τὰ
1972 1312 2364 1393 γειτνιῶντα
2470 1316 2472 1319 ⁴

453 1412 624 1496 ἔθνη
657 1408 769 1475 καὶ
795 1404 962 1497 πρὸς
989 1407 1238 1489 πάντας
1271 1405 1427 1488 τοὺς
1468 1406 1787 1496 ἄρχοντας
1817 1413 1952 1477 τῶν
1980 1404 2096 1476 ὑπ’
2140 1405 2362 1502 ἄρκτῳ
2468 1436 2473 1451 ·

445 1504 780 1598 Ῥωμαίοις
823 1508 1291 1579 δουλευόντων
1344 1514 1603 1598 ἐθνῶν,
1647 1510 1962 1599 μεγάλαις
2004 1538 2073 1579 τε
2110 1511 2362 1594 πάντας

450 1608 846 1701 ὑποσχέσεσι
863 1614 975 1681 καὶ
994 1616 1256 1682 ἐλπίσιν
1283 1609 1677 1683 ἀναπείθων
1696 1617 1943 1706 ῥᾳδίως
1962 1609 2358 1703 ὑπηγάγετο.

352 1725 422 1780 13
453 1716 855 1797 ἱκανώτατος
883 1711 947 1783 δ’
979 1706 1065 1803 ἦν
1092 1712 1407 1787 ἁπάντων
1434 1715 1820 1807 ἀνθρώπων
1843 1716 2121 1806 μάλιστα
2148 1738 2358 1806 προσ·
2388 1744 2427 1782 ιε

449 1819 866 1908 ποιήσασθαί
895 1844 968 1887 τε
991 1820 1105 1889 καὶ
1135 1819 1597 1891 πιστώσασθαι
1624 1815 1931 1909 εὔνοιαν,
1962 1819 2124 1908 μήτε
2150 1816 2358 1910 ὅρκου

451 1923 883 2013 φειδόμενος,
919 1928 983 1991 εί
1012 1925 1154 1993 δέοι
1184 1922 1428 1994 τούτου
1456 1929 1990 2013 καταφρονῆσαι,
2018 1922 2358 2013 ψευσάμε-

449 2053 565 2107 νος
592 2026 759 2113 πρὸς
785 2024 858 2096 τὸ
885 2031 1233 2113 χρειῶδες,
1268 2026 1381 2096 διά
1405 2056 1477 2097 τε
1503 2027 1795 2117 γλώττης
1822 2032 2087 2118 προΐετο
2113 2022 2241 2097 ὅσα
2268 2024 2357 2115 μὴ

447 2134 691 2218 ἔφερεν
720 2130 829 2199 ἐπὶ
856 2127 1140 2217 γνώμης.

353 2236 428 2296 10
653 2229 1078 2321 θεραπεύσας
1121 2221 1248 2302 οὖν
1290 2229 1403 2302 διὰ
1440 2230 1845 2321 γραμμάτων
1899 2230 2149 2311 πάντας
2198 2230 2358 2312 τούς
2384 2256 2428 2296 m

448 2332 616 2403 κατὰ
641 2331 714 2403 τὸ
749 2330 1115 2423 Ἰλλυρικόν
1151 2388 1164 2403 .
1198 2389 1214 2403 .
1249 2389 1262 2404 .
1301 2332 1435 2425 ἅμα
1470 2337 1583 2403 καὶ
1620 2331 1971 2424 ἄρχοντας,
2014 2333 2359 2425 προσηγά-

446 2464 599 2524 γετο
627 2433 887 2519 αὐτούς.
943 2434 1268 2529 ἀθροίσας
1294 2438 1369 2508 δὲ
1396 2435 1551 2517 τοὺς
1576 2437 2001 2526 πανταχόθεν
2028 2436 2355 2527 στρατιώ-

447 2545 595 2628 τας,
624 2539 933 2629 Σεεῆρόν
971 2569 1044 2611 τε
1083 2548 1467 2632 Περτίνακα
1508 2540 1750 2610 ἑαυτὸν
1784 2538 2145 2628 ὀνομάσας,
2186 2535 2356 2629 ὅπερ

445 2639 530 2712 οὐ
567 2643 776 2731 μόνον
801 2641 1028 2732 ἤλπιζε
1068 2660 1206 2725 τοῖς
1236 2642 1621 2733 Ἰλλυρικοϊς
1665 2643 1835 2713 εἶναι
1878 2643 2357 2733 κεχαρισμένον

443 2741 611 2816 ἄλλα
635 2748 748 2817 καὶ
775 2774 866 2816 τω
887 2748 1074 2841 δήμω
1093 2776 1230 2817 των
1246 2744 1583 2835 Ρωμαίων
1600 2744 1715 2817 δια
1739 2745 1862 2836 τὴν
1888 2750 2150 2815 ἐκείνου
2176 2746 2426 2835 μνη-25

440 2877 604 2939 μην,
638 2852 1048 2939 συγκαλέσας
1080 2878 1151 2919 τε
1187 2846 1437 2931 αυτούς
1478 2854 1544 2931 ἐς
1586 2847 1661 2919 τὸ
1694 2855 1961 2938 πεδίον,
1990 2850 2103 2919 καὶ
2130 2847 2353 2963 βημα-

440 2980 549 3034 τος
577 2981 758 3023 αυτω
786 2950 1110 3043 ἀρθέντος
1137 2949 1449 3023 άνελθων
1477 2955 1655 3035 ἔλεξε
1678 2952 1917 3022 τοιάδε.

377 3075 411 3128 2
634 3051 752 3125 “τὸ
780 3054 1018 3125 πιστὸν
1042 3051 1236 3144 ὗμων
1273 3058 1387 3125 καὶ
1424 3055 1590 3147 πρός
1629 3083 1701 3125 τε
1729 3054 1938 3136 θεους
1962 3054 2348 3144 σεβάσμιον,

439 3185 558 3239 ους
589 3154 872 3247 ομνυτε,
919 3158 1085 3249 πρός
1112 3186 1182 3228 τε
1223 3161 1533 3246 βασιλέας
1568 3166 1820 3247 τίμιον,
1861 3186 1980 3239 ους
2021 3163 2345 3244 αἰδεῖσθε,

439 3260 856 3348 δεδηλώκατε
895 3257 987 3331 δι’
1021 3250 1120 3329 οἷν
1161 3257 1589 3349 ἀγανακτεῖτε
1632 3257 1746 3350 ἐφ’
1779 3256 1879 3342 οἷς
1910 3266 1980 3329 οἱ
2014 3256 2179 3329 κατὰ
2218 3256 2343 3347 τὴν
2372 3291 2421 3331 ³⁰

427 3356 680 3450 Ῥώμην
705 3367 1128 3452 στρατιῶται,
1157 3369 1421 3452 πομπῆς
1451 3370 1705 3452 μᾶλλον
1742 3358 1788 3451 ἦ
1826 3360 2140 3453 ἀνδρείας
2166 3357 2345 3449 ὑπη-

437 3464 656 3552 ρέται,
686 3465 1065 3552 ἐτόλμησαν.
1122 3461 1321 3554 κάμοὶ
1350 3466 1425 3535 δὲ
1466 3462 1561 3535 δι’
1594 3463 1791 3556 εὐχῆς
1818 3469 1986 3555 ἐστι’,
2016 3463 2341 3556 πρότερον
