2475 3859
501 136 580 197 88
1306 138 1605 198 TPITON

500 311 816 397 παρέσχε·
865 309 1074 397 νομάς
1114 336 1184 378 τε
1225 307 1744 397 μεγαλοφρόνως
1782 305 2050 387 ἐπιδοὺς
2089 310 2203 377 καὶ
2242 311 2410 388 θέας

500 414 763 492 τελέσας
791 414 1176 499 ἐπινικίους,
1205 415 1373 482 ἐτῶν
1400 409 1527 481 οὐκ
1553 408 1801 499 ὀλίγων
1820 414 1893 480 ἐν
1918 417 1997 501 τῇ
2025 406 2238 501 Ῥώμῃ
2266 415 2411 481 διέ-

500 529 727 603 τριψε,
760 515 1047 599 δικάζων
1083 542 1154 583 τε
1180 522 1473 603 συνεχῶς
1500 516 1613 583 καὶ
1652 513 1730 583 τὰ
1767 514 2069 585 πολιτικὰ
2106 506 2409 602 διοικῶν,

431 634 464 685 3
499 618 653 699 τούς
679 644 749 687 τε
777 622 946 698 υἱεῖς
983 618 1325 687 παιδεύων
1350 620 1463 687 καὶ
1489 625 1942 705 σωφρονίζων.
2047 626 2118 689 οἳ
2136 620 2218 688 δέ
2246 614 2409 707 (ἤδη

497 721 804 809 μειράκια
831 716 1064 810 ῆστην)
1092 717 1225 791 ὑπὸ
1255 727 1369 810 τῆς
1398 724 1471 790 ἐν
1495 717 1703 811 Ῥώμῃ
1731 728 1987 810 τρυφῆς
2012 724 2124 791 καὶ
2150 727 2409 809 διαίτης
2432 744 2454 784 ὅ

495 832 610 911 τῆς
637 850 708 891 τε
737 825 891 915 περὶ
916 824 996 893 τὰ
1021 827 1275 912 θέατρα
1304 822 1851 913 ὑπερβαλλούσης
1876 830 2173 914 σπουδῆς
2215 821 2411 916 ἡνιο-

496 934 674 1013 χείας
699 952 770 995 τε
809 929 922 996 καὶ
958 924 1289 1017 ὀρχήσεως
1318 928 1396 996 τὰ
1424 923 1559 1015 ῆθη
1589 933 2076 1017 διεφθείροντο.
2142 928 2313 1016 πρός
2340 955 2407 996 τε

495 1027 819 1117 ἀλλήλους
857 1032 1236 1114 ἐστασίαζον
1264 1036 1335 1100 oc
1362 1027 1799 1118 ἀδελφοί,τὰ
1836 1036 2063 1120 πρῶτα
2103 1030 2231 1119 μὲν
2270 1027 2405 1099 ὑπὸ

497 1132 990 1220 παιδαριωδους
1017 1139 1429 1221 φιλονεικίας
1448 1129 1538 1201 δι’
1570 1130 1877 1225 ὀρτύγων
1891 1132 2098 1222 μάχας
2116 1135 2231 1203 καὶ
2251 1130 2405 1202 ἀλε-

501 1235 849 1325 κτρυόνων
887 1234 1222 1324 συμβολας
1254 1236 1463 1317 πάλας
1500 1262 1571 1305 τε
1610 1241 1873 1305 παίδων
1913 1233 2225 1323 ἀλλήλοις
2264 1240 2403 1324 ἐρί-
2436 1266 2472 1304 ιο

442 1356 476 1407 4
503 1346 738 1421 ζοντες.
797 1334 839 1427 ἦ
866 1366 936 1407 τε
965 1334 1117 1426 περὶ
1145 1337 1223 1409 τὰ
1251 1339 1551 1427 θεάματα
1579 1336 1805 1409 αυτῶν
1838 1333 1883 1427 ἢ
1909 1338 1989 1409 τὰ
2023 1336 2405 1429 ἀκροάματα

497 1438 758 1529 σπουδὴ
803 1449 1202 1530 φιλονείκως
1256 1442 1561 1512 ἑκάστοτε
1606 1446 1964 1531 ἐμερίζετο·
2018 1445 2129 1511 καὶ
2168 1440 2405 1511 ουδενὶ

495 1541 857 1632 ἀμφότεροι
885 1541 1129 1633 ὁμοίως
1156 1542 1547 1636 ἠρέσκοντο,
1578 1542 1745 1615 ἀλλὰ
1774 1552 1909 1615 πᾶν
1948 1543 2021 1614 τὸ
2063 1552 2155 1638 τῷ
2199 1547 2403 1637 ἑτέρω

493 1654 697 1732 φίλον
750 1654 841 1739 τῷ
885 1642 1064 1742 ἀλλςι)
1109 1648 1358 1737 ἐχθρὸν
1395 1638 1501 1736 ἦν.
1572 1650 1987 1738 συνέκρουον
2029 1648 2105 1717 δὲ
2154 1645 2407 1729 αὐτοὺς

492 1751 910 1841 ἑκατέρωθεν
935 1756 1007 1821 οἵ
1027 1780 1100 1822 τε
1125 1752 1401 1832 κόλακες
1437 1754 1549 1821 καὶ
1575 1756 1648 1821 οἱ
1669 1748 2097 1841 θεράποντες,
2126 1749 2297 1837 πρὸς
2326 1749 2399 1821 τὸ
2432 1779 2470 1819 13

487 1850 621 1940 ἡδύ
649 1861 762 1943 τῆς
801 1850 1058 1944 ἡλικίας
1095 1854 1571 1935 κολακεύοντες
1598 1856 1709 1924 καὶ
1737 1850 2196 1935 ἀνθέλκοντες.
2258 1851 2297 1925 ὁ
2328 1853 2403 1923 δὲ

489 1964 792 2047 Σεεῆρος
831 1965 1038 2029 ταῦτα
1081 1958 1595 2046 πυνθανόμενος
1646 1956 1967 2045 συνάγειν
2005 1985 2075 2027 τε
2112 1960 2225 2027 καὶ
2264 1980 2401 2027 σω-

491 2068 833 2152 φρονίζειν
869 2063 1190 2151 ἐπειρᾶτο.

427 2180 460 2229 5
695 2162 811 2233 τὸν
850 2163 926 2232 δὲ
969 2163 1455 2254 πρεσβύτερον,
1499 2154 1552 2255 ᾦ
1596 2162 1874 2251 γνήσιον
1916 2163 2039 2251 μὲν
2078 2152 2161 2249 ἦν
2188 2156 2398 2248 ὄνομα

483 2264 854 2347 Βασσιανός
880 2268 1040 2355 πρὶν
1067 2270 1132 2346 ἐς
1159 2263 1277 2335 τὸν
1302 2273 1641 2355 βασίλειον
1668 2264 1855 2335 οἷκον
1872 2274 2257 2355 παρελθεῖν,
2282 2259 2393 2332 ὅτε
2426 2289 2473 2328 τι

485 2365 561 2435 δὲ
590 2363 714 2454 τὴν
739 2376 854 2455 τῆς
882 2364 1085 2456 ἀρχῆς
1111 2366 1308 2456 τιμὴν
1346 2366 1699 2455 εὐτύχησε,
1742 2376 2044 2458 Σεεῆρος
2081 2364 2395 2435 Ἀντωνῖ-

481 2495 605 2537 νον
634 2464 972 2558 ὠνόμασε,
1023 2470 1316 2558 Μάρκου
1356 2472 1645 2559 θελήσας
1690 2468 1899 2541 αὐτὸν
1940 2476 2395 2559 προσηγορίαν

484 2574 719 2659 φέρειν
737 2595 751 2608 ·
782 2570 1064 2661 ήγάγετό
1093 2600 1163 2643 τε
1192 2571 1373 2666 αὐτῷ
1412 2590 1730 2663 γυναῖκα,
1760 2573 1949 2666 γάμῳ
1976 2578 2395 2662 σωφρονίσαι

483 2678 728 2743 θέλων.
796 2667 882 2765 ἦν
927 2676 1000 2745 δὲ
1042 2680 1262 2765 ἐκείνη
1304 2678 1608 2766 θυγάτηρ
1648 2683 1769 2747 τοῦ
1822 2677 2219 2765 ἐπάρχοντος
2258 2682 2397 2743 τῶν

425 2790 458 2844 6
486 2781 952 2867 στρατοπέδων
972 2801 985 2813 ·
1013 2780 1435 2862 Πλαυτιανός
1462 2782 1536 2850 δὲ
1562 2772 1649 2870 ἦν
1679 2778 1889 2869 ὄνομα
1919 2776 2121 2872 αὐτῷ.
2155 2784 2393 2847 τοῦτον
2424 2812 2471 2851 τι

485 2881 565 2949 τὰ
602 2881 726 2969 μὲν
766 2888 995 2971 πρῶτα
1032 2890 1147 2971 τῆς
1202 2880 1463 2973 ἡλικίας
1506 2881 1739 2971 εὐτελῆ
1784 2882 1987 2968 (τινες
2026 2878 2236 2952 αὐτὸν
2279 2883 2393 2951 καὶ

480 2990 1040 3072 πεφυγαδεῦσθαι
1085 2993 1319 3075 ἔλεγον
1358 2984 1603 3056 ἁλόντα
1629 2988 1735 3056 ἐπὶ
1776 2986 2045 3055 στάσεσι
2084 2986 2195 3054 καὶ
2222 2992 2392 3052 πολ-

471 3096 617 3168 λοῖς
658 3085 1178 3179 ἁμαρτήμασιν),
1222 3086 1383 3159 ὄντα
1436 3090 1511 3159 δὲ
1547 3097 1823 3177 πολίτην
1864 3091 2109 3158 ἑαυτοῦ
2152 3093 2393 3175 (Λίβυς

469 3188 603 3278 γάρ
631 3187 938 3273 κάκεῖνος
965 3182 1111 3280 ἦν),
1143 3189 1230 3272 ὦς
1258 3194 1381 3279 μέν
1422 3219 1596 3271 τινες
1637 3199 1905 3280 ἔλεγον,
1952 3189 2118 3279 πρὸς
2150 3192 2390 3278 γένους

469 3289 662 3385 αὐτῷ
713 3289 1126 3384 ὑπάρχοντα,
1180 3291 1267 3373 ὡς
1322 3294 1395 3361 δὲ
1441 3297 1653 3382 ἕτεροι
1702 3302 1958 3383 μᾶλλον
2010 3296 2385 3380 διέβαλλον,
2417 3318 2467 3359 ευ

470 3391 851 3485 ἀκμαζούσῃ
877 3402 958 3483 τῇ
999 3392 1224 3486 ἡλικίᾳ
1266 3395 1628 3483 γενόμενον
1666 3395 1972 3482 παιδικά,
2019 3392 2194 3482 πλὴν
2234 3391 2382 3463 ἀλλ’

471 3491 506 3563 ὁ
542 3502 841 3584 Σεεῆρος
868 3497 940 3564 ἐκ
967 3503 1206 3585 μικρᾶς
1246 3498 1361 3565 καὶ
1401 3494 1713 3578 εὐτελοῦς
1750 3499 1948 3586 τύχης
1986 3499 2051 3577 ἐς
2090 3496 2389 3585 μεγάλην
