2475 3859
548 109 575 166 1
593 108 666 167 12
1292 108 1727 168 TETAPTON

543 278 794 369 φιάλην
821 279 1049 369 λαβῶν
1079 283 1395 351 σπένδων
1420 308 1493 351 τε
1516 297 1653 363 τοῖς
1680 278 1946 369 ἀνέμοις
1973 277 2226 368 εῧχετο.
2276 280 2459 351 πάνυ

541 412 612 453 τε
649 379 748 453 ῶν
785 384 1220 473 ψιλοκόρσης,
1256 384 1597 472 πλόκαμον
1636 388 1972 454 ἐπιθεῖναι
2012 390 2103 476 τῷ
2136 388 2315 473 πυρὶ
2350 393 2458 472 ζη-

539 495 676 556 τῶν
705 492 1005 575 ἐγελᾶτο·
1035 486 1210 575 πλὴν
1240 479 1339 557 ῶν
1358 488 1491 575 εἶχε
1504 494 1749 575 τριχῶν
1776 485 2191 575 ἀπεκείρατο.
2224 486 2457 577 ἐπῄνει

539 592 616 660 δὲ
651 592 766 660 καὶ
796 598 1183 678 στρατηγῶν
1219 591 1498 680 μάλιστα
1537 591 1816 660 Σύλλαν
1858 618 1930 659 τε
1968 587 2088 660 τὸν
2130 586 2455 678 Ῥωμαῖον

471 710 476 723 “
538 696 650 762 καὶ
680 689 992 780 Ἀννίβαν
1018 692 1136 762 τὸν
1161 702 1405 783 Λίβυν,
1436 690 1835 781 ἀνδριάντας
1860 721 1931 763 τε
1958 690 2183 763 αὐτῶν
2210 696 2335 763 καὶ
2364 699 2450 762 εί-

541 796 744 876 κόνας
771 794 1149 885 ἀνέστησεν.
2370 884 2377 889 1

483 910 517 963 6
747 895 1004 989 ἀπάρας
1023 901 1098 969 δὲ
1123 906 1238 987 τῆς
1268 894 1462 967 Ἰλίου
1490 898 1603 967 διά
1626 925 1699 967 τε
1721 905 1838 986 τῆς
1864 895 2064 986 ἄλλης
2092 896 2325 981 Ἀσίας
2354 902 2454 969 καὶ

540 1010 871 1083 Βιθυνίας
909 1011 1046 1072 τῶν
1084 1032 1156 1073 τε
1195 1009 1451 1071 λοιπῶν
1498 1005 1723 1071 ἐθνῶν
1739 1024 1765 1089 ,·
1798 998 2067 1072 κάκεῖσε
2108 1004 2453 1091 διοικήσας

541 1103 621 1175 τὰ
647 1108 958 1193 πρακτέα,
991 1110 1056 1186 ἐς
1085 1104 1208 1194 τὴν
1229 1102 1629 1193 Ἀντιόχειαν
1658 1102 1955 1191 ἀφίκετο.
2012 1107 2155 1175 ἐκεῖ
2180 1134 2257 1175 τε
2287 1104 2449 1177 ὑπο-

543 1212 808 1295 δεχθεὶς
847 1217 1226 1289 πολυτελῶς
1279 1211 1393 1277 καὶ
1436 1214 1787 1297 διατρίψας
1831 1208 2081 1296 χρόνου
2120 1208 2311 1292 τινὸς
2350 1212 2447 1279 ἐπὶ

439 1345 473 1369 ⁸-
500 1309 704 1399 υᾶτην
724 1308 1226 1401 Ἀλεξάνδρειαν
1252 1314 1610 1398 ἐστέλλετο,
1626 1311 1965 1401 πρόφασιν
1990 1311 2113 1400 μὲν
2126 1313 2449 1401 ποιούμε-

541 1442 656 1494 νος
683 1425 927 1484 ποθεῖν
952 1413 1075 1503 τὴν
1103 1412 1208 1484 ἐπ’
1250 1412 1657 1507 Ἀλεξάνδρῳ
1685 1426 2071 1485 κτισθεῖσαν
2098 1415 2323 1503 πόλιν,
2344 1419 2448 1485 καὶ

541 1523 633 1608 τῷ
674 1524 818 1609 θεῷ
855 1518 1230 1608 χρήσασθαι
1272 1514 1355 1586 ὃν
1407 1522 1651 1589 ἐκεῖνοι
1704 1520 2019 1605 σέβουσιν
2068 1520 2442 1607 ἐξαιρέτως·

482 1642 514 1698 7
545 1620 670 1689 δύο
697 1619 825 1708 γὰρ
859 1628 1068 1691 ταῦτα
1107 1618 1663 1709 ὑπερβαλλόντως
1703 1636 2191 1708 προσεποιεῖτο,
2222 1621 2348 1709 τήν
2378 1648 2443 1690 τε

537 1731 660 1793 τοῦ
687 1731 858 1794 θεοῦ
885 1733 1262 1813 θρησκείαν
1288 1727 1403 1793 καὶ
1426 1725 1551 1813 τὴν
1577 1732 1697 1793 τοῦ
1724 1719 1943 1811 ἥρωος
1960 1724 2245 1813 μνήμην.
2292 1727 2441 1793 ἑκα-
2472 1747 2475 1781 2

538 1825 782 1917 τόμβας
807 1856 880 1897 τε
923 1820 1050 1898 οὖν
1075 1828 1338 1899 κελεύει
1379 1834 2017 1916 παρασκευασθῆναι
2054 1828 2443 1917 ἐναγισμούς

539 1958 610 2001 τε
651 1932 1138 2013 παντοδαπούς.
1221 1929 1310 2013 ὥς
1356 1931 1432 2000 δὲ
1474 1934 1787 2020 διηγγέλη
1830 1939 1921 2023 τῷ
1972 1937 2109 1999 τῶν
2142 1927 2442 2014 Ἀλεξαν-

539 2038 760 2121 δρέων
788 2035 1068 2122 πλήθει,
1102 2035 1305 2122 φύσει
1332 2035 1455 2123 μὲν
1482 2033 1631 2105 ὄντι
1670 2032 1786 2114 τὰς
1815 2033 2082 2122 γνώμας
2108 2034 2443 2121 κουφοτά-

541 2164 634 2227 τω
663 2140 777 2206 καὶ
807 2139 916 2207 ἐπὶ
954 2153 1089 2218 τοῖς
1131 2137 1566 2226 βραχυτάτοις
1606 2141 1813 2229 ῥᾷστα
1852 2140 2261 2229 κινουμένῳ,
2304 2138 2443 2207 τότε

543 2236 608 2307 δ’
654 2239 1040 2328 ἐξεπτόηντο
1069 2237 1192 2327 τὴν
1225 2247 1349 2309 τοῦ
1384 2244 1705 2328 βασιλέως
1742 2238 2047 2327 σπουδήν
2078 2267 2151 2309 τε
2178 2242 2291 2309 καὶ
2334 2238 2443 2310 s&—
2472 2267 2475 2280 ⁴

479 2366 515 2418 8
541 2368 733 2411 νοιαν
793 2343 1321 2431 πυνθανόμενοι.
1444 2340 1740 2432 ὑποδοχὴ
1802 2342 1877 2412 δὲ
1930 2344 2443 2431 παρεσκευάζετο

543 2448 694 2513 οἵαν
718 2447 958 2533 μηδενὶ
985 2446 1253 2515 πώποτε
1277 2454 1544 2534 βασιλεῖ’
1562 2451 1881 2534 γενέσθαι
1915 2453 2109 2533 φασί·
2141 2448 2351 2535 πάσης
2380 2474 2445 2516 τε

543 2544 671 2636 γὰρ
725 2548 974 2636 μούσης
1027 2544 1283 2636 ὄργανα
1326 2557 1667 2637 πανταχοῦ
1720 2555 2106 2636 διακείμενα
2144 2559 2445 2619 ποικίλον

541 2641 706 2738 ἦχον
748 2649 1110 2740 εἰργάζετο,
1147 2647 1517 2742 ἀρωμάτων
1564 2680 1635 2722 τε
1676 2657 2123 2722 παντοδαπῶν
2162 2657 2276 2721 καὶ
2314 2665 2443 2723 θυ-

541 2755 886 2843 μιαμάτων
939 2750 1205 2843 ἀτμίδες
1254 2754 1546 2842 εὐωδίαν
1585 2772 1905 2843 παρεῖχον
1954 2772 2097 2836 ταῖς
2140 2756 2438 2843 εἰσόδοις,
2470 2784 2475 2815 ³

545 2864 930 2948 δαδουχίαις
955 2886 1026 2927 τε
1053 2860 1166 2927 καὶ
1193 2855 1462 2929 ἀνθέων
1488 2867 1717 2949 βολαῖς
1744 2863 1985 2946 ἐτίμων
2010 2858 2127 2927 τὸν
2154 2863 2445 2947 βασιλέα.

483 2986 516 3039 9
548 2957 637 3041 ῶς
664 2963 741 3031 δὲ
768 2963 1114 3049 εἰσήλασεν
1155 2965 1219 3041 ἐς
1258 2962 1381 3050 τὴν
1408 2964 1607 3034 πόλιν
1638 2962 1769 3031 σὺν
1798 2964 1999 3032 παντὶ
2036 2969 2126 3054 τῷ
2170 2970 2441 3053 στρατῷ,

545 3072 812 3153 πρῶτον
838 3066 962 3152 μὲν
989 3070 1056 3147 ἐς
1089 3063 1208 3134 τὸν
1233 3065 1411 3135 νεῶν
1448 3064 1761 3137 ἀνελθῶν
1796 3063 2041 3145 πολλάς
2088 3065 2443 3154 ἑκατόμβας

541 3168 874 3236 κατέθυσε
906 3169 1158 3259 λιβάνῳ
1185 3196 1257 3237 τε
1284 3167 1439 3250 τοὺς
1465 3166 1733 3259 βωμοὺς
1761 3168 2153 3255 ἐσώρευσεν,
2184 3172 2440 3239 ἐκεῖθεν

543 3266 608 3337 δ’
641 3268 868 3338 ἐλθών
907 3273 972 3352 ἐς
1009 3270 1084 3341 τὸ
1119 3268 1557 3359 Ἀλεξάνδρου
1595 3270 2003 3359 μνῆμα,·τήν
2036 3299 2107 3340 τε
2147 3270 2475 3360 χλαμύδαὲ

541 3366 629 3455 ἣν
669 3378 911 3460 ἔφερεν
961 3371 1291 3461 ἁλουργῆ,
1336 3378 1736 3454 δακτυλίους
1786 3401 1858 3442 τε
1898 3370 2020 3453 οὓς
2062 3373 2195 3460 εἶχε
2232 3382 2439 3443 λίθων

545 3478 800 3558 τιμίων,
829 3475 1158 3563 ζωστῆράς
1185 3504 1255 3545 τε
1281 3480 1393 3545 καὶ
1422 3486 1489 3545 εί
1507 3503 1569 3544 τι
1598 3476 1951 3556 πολυτελὲς
1976 3483 2197 3565 ἔφερε,
2226 3495 2443 3566 περιεὲ-
