2475 3859
371 54 398 73 ‘
449 80 530 143 48
1190 82 1645 145 AEYTEPON

447 258 681 325 κοῦντι
709 254 786 327 δὲ
813 255 888 323 ἐν
917 249 1197 347 εὐπορία
1219 253 1577 346 χρημάτων
1616 252 1791 325 εἶναι
1804 308 1823 342 ,
1870 256 2243 350 ἑστιωμένῳ
2270 254 2357 347 δὴ

448 360 602 448 περὶ
645 364 875 447 δείλην
916 355 1203 449 ἑσπέραν
1244 361 1561 448 διηγγέλη
1611 356 1686 428 τὸ
1724 356 2195 448 στρατιωτικὸν
2230 360 2354 449 κή-

423 466 669 551 ’ρυγμα
695 458 876 551 παρὰ
911 462 1134 550 μέθην
1172 464 1287 532 καὶ
1322 460 1701 553 κραιπάλην
1716 482 1731 499 ·
1772 454 1859 551 ἦν
1896 460 2025 552 γὰρ
2062 463 2175 531 καὶ
2214 469 2357 533 τῶν

384 583 418 639 7
449 568 557 635 ἐπὶ
583 573 710 659 βίῳ
738 562 828 654 μὴ
853 561 1156 655 σώφρονι
1183 567 1751 655 διαβεβλημένων.
1822 572 2183 635 πείθουσιν
2224 558 2356 635 οὖν

443 666 651 739 αὐτὸν
675 666 720 757 ἦ
746 696 818 737 τε
845 666 1018 757 γυνὴ
1044 670 1158 737 καὶ
1183 664 1224 758 ἡ
1252 668 1560 757 θυγάτηρ
1580 669 1693 737 καὶ
1710 665 1786 737 τὸ
1802 673 1938 738 τῶν
1965 674 2355 759 παρασίτων
2382 696 2403 735 5

441 777 701 861 πλῆθος
737 768 1162 862 ἀναθορόντα
1201 778 1323 841 τοῦ
1376 776 1739 861 σκίμποδος
1792 775 2073 861 δραμεῖν
2124 774 2237 841 ἐπὶ
2282 770 2357 841 τό

441 890 653 962 τεῖχος
678 876 791 945 καὶ
805 871 880 944 τὸ
907 874 1366 965 πραττόμενον
1382 886 1653 966 μαθεῖν,
1674 874 1855 964 παρά
1879 901 1952 944 τε
1979 879 2202 945 πᾶσαν
2228 872 2355 964 τὴν

439 973 603 1048 ὁδὸν
627 979 1200 1068 συμβουλεύοντες
1225 980 1629 1069 ἐρριμμένην
1652 974 1775 1067 τὴν
1802 974 2012 1068 ἀρχὴν
2036 972 2353 1066 ἁρπάσαι,

441 1079 737 1170 ἀφειδῶς
765 1080 840 1151 δὲ
881 1081 1236 1173 χρημάτων
1276 1089 1511 1169 ἔχοντα
1548 1086 2013 1173 μεγαλοδωρίᾳ
2050 1078 2351 1163 ἅπαντας

372 1203 411 1257 8
439 1180 882 1275 ὑπερβαλεῖν,
913 1191 976 1255 εἰ
997 1192 1117 1255 καί
1135 1212 1315 1265 τινες
1350 1183 1857 1273 ἀμφισβητοῖεν.
1926 1186 2071 1253 ἐπεὶ
2108 1192 2347 1255 τοίνυν
2380 1214 2413 1253 ιιι

439 1294 533 1381 τῷ
559 1296 762 1377 τείχει
789 1294 1196 1380 προσῆλθεν,
1225 1286 1385 1375 ἐβόα
1410 1314 1483 1357 τε
1511 1286 1727 1357 πάντα
1757 1288 2003 1358 δώσειν
2030 1284 2149 1356 ὅσα
2178 1287 2343 1376 βού-

437 1401 666 1462 λονται
691 1388 1221 1480 ὑπισχνούμενος
1234 1443 1255 1478 ,
1283 1398 1601 1482 παρεῖναί
1620 1417 1692 1461 τε
1718 1387 1903 1485 αὐτῷ
1928 1389 2346 1479 πάμπλειστα
2434 1414 2436 1421 ·

434 1494 734 1585 χρήματα
759 1497 872 1565 καὶ
901 1493 1295 1585 θησαυροὺς
1320 1499 1573 1585 χρυσοῦ
1609 1496 1722 1563 καὶ
1758 1492 2059 1585 ἀργύρου
2086 1502 2343 1583 πεπλη-

437 1600 778 1691 ρωμένους
804 1604 1011 1686 ἔλεγε.
1051 1596 1219 1667 κατὰ
1246 1598 1323 1669 δὲ
1345 1595 1464 1668 τὸν
1490 1594 1697 1668 αὐτὸν
1722 1594 1960 1688 καιρὸν
1983 1599 2096 1667 καὶ
2116 1606 2341 1667 Σουλ-

435 1701 740 1783 πικιανός
756 1754 774 1787 ,
802 1704 916 1772 καὶ
941 1698 1142 1783 αὐτὸς
1177 1699 1349 1793 ἀνὴρ
1373 1706 1511 1771 τῶν
1536 1696 2031 1787 ὑπατευκότων,
2060 1701 2343 1791 ἔπαρχός
2372 1725 2407 1767 15

432 1832 505 1876 τε
530 1810 645 1895 τῆς
670 1806 925 1887 πόλεως
949 1806 1306 1897 γενόμενος
1334 1801 1577 1895 (πατὴρ
1618 1804 1693 1873 δὲ
1730 1795 1817 1894 ἦν
1852 1809 1967 1895 τῆς
2007 1812 2341 1894 Περτίνα-
2434 1826 2436 1882 1

373 1929 408 1982 9
438 1936 552 1990 κος
579 1908 946 1997 γυναικός),
974 1902 1095 1999 ἧκε
1119 1907 1245 2001 τὴν
1268 1906 1481 1999 ἀρχὴν
1521 1904 1918 1999 ὠνούμενος.
1974 1904 2140 1978 ἀλλά
2178 1914 2338 1977 τοῦ·

430 2040 549 2085 τον
568 2012 693 2100 μὲν
719 2010 800 2083 ού
827 2014 1247 2103 προσήκαντο
1266 2012 1682 2100 φοβηθέντες
1703 2017 1773 2082 οἱ
1793 2016 2191 2101 στρατιῶται
2217 2008 2343 2100 τὴν
2432 2056 2434 2134 ρ

431 2113 597 2204 πρὸς
645 2112 764 2184 τὸν
802 2124 1187 2205 Περτίνακα
1224 2117 1662 2202 συγγένειαν,
1712 2113 1803 2205 μή
1840 2143 1939 2195 τις
1978 2112 2106 2205 ἄρα
2145 2114 2341 2195 δόλος

432 2228 535 2305 εἴη
566 2220 632 2297 ἐς
666 2214 742 2285 τὸ
781 2219 1223 2308 ἐκδικηθῆναι
1261 2215 1381 2287 τὸν
1421 2220 1684 2287 ἐκείνου
1724 2217 1938 2307 φόνον
1954 2238 1970 2253 ·
2010 2218 2338 2299 καθέντες
2368 2249 2407 2289 ‘20

432 2320 508 2391 δὲ
533 2326 821 2407 κλίμακα
847 2317 964 2391 τὸν
992 2317 1361 2391 Ἰουλιανὸν
1396 2323 1506 2390 ἐπὶ
1542 2316 1618 2390 τὸ
1653 2337 1864 2411 τεῖχος
1902 2317 2335 2409 ἀνεβίβασαν.

430 2420 512 2493 οὐ
549 2419 677 2512 γὰρ
717 2421 1040 2516 πρότερον
1075 2421 1334 2507 ἀνοῖξαι
1370 2422 1486 2505 τὰς
1526 2423 1740 2507 πύλας
1782 2422 2037 2517 ἤθελον
2088 2426 2253 2513 πρὶν
2292 2420 2336 2513 ἢ

429 2498 556 2616 την
591 2526 922 2615 ποσότητα
971 2538 1221 2617 μαθεῖν
1266 2532 1403 2597 τῶν
1444 2530 1923 2618 δοθησομένων
1958 2526 2334 2618 χρημάτων.

327 2634 395 2701 10
425 2625 466 2701 ὃ
493 2625 556 2699 δ’
589 2626 904 2701 ἀνελθών
928 2630 1052 2721 τήν
1075 2658 1149 2702 τε
1173 2630 1538 2722 Κομμόδου
1564 2632 1831 2722 μνήμην
1850 2626 2075 2711 αὐτοῖς
2089 2632 2200 2699 καὶ
2220 2629 2336 2711 τὰς

421 2729 613 2823 τιμὰς
639 2731 892 2814 καὶτὰς
919 2734 1214 2823 εἰκόνας,
1235 2731 1313 2817 ἃς
1338 2731 1766 2826 ἡσύγκλητος
1792 2743 2133 2821 καθεῖλεν,
2160 2731 2324 2804 ἀνα·
2361 2769 2403 2808 2⁵

421 2836 798 2908 νεωσεσθαι
851 2833 1207 2928 ὑπέσχετο,
1262 2841 1375 2909 καὶ
1414 2839 1685 2909 πάντων
1740 2837 1984 2909 διόσειν
2022 2840 2331 2921 ἐξουσίαν

425 2932 523 3011 ὧν
551 2940 732 3030 εἶχον
759 2939 862 3012 ἐπ’
897 2946 1194 3029 ἐκείνου,
1223 2942 1479 3035 ἑκάστῳ
1504 2969 1577 3011 τε
1603 2940 1971 3033 στρατιώτῃ
2009 2946 2331 3012 τοσοῦτον

420 3042 748 3135 ἀργύριον
773 3043 934 3117 ὅσον
957 3046 1122 3136 μήτε
1161 3051 1426 3137 αἰτῆσαι
1453 3044 1615 3135 μήτε
1642 3045 1978 3135 λήψεσθαι
2003 3045 2324 3136 προσεδό-

423 3168 668 3237 κησαν·
710 3146 792 3218 τὰ
836 3151 911 3220 δὲ
950 3148 1251 3239 χρήματα
1288 3146 1377 3237 μὴ
1416 3148 1805 3237 μελλήσειν,
1844 3146 1991 3219 ἀλλ’
2052 3158 2327 3218 οἴκοθεν

321 3272 386 3323 11
423 3248 552 3337 ἤδη
577 3253 1145 3340 μεταπέμψεσθαι.
1198 3250 1456 3330 τούτοις
1480 3247 2000 3331 ἀναπεισθέντες
2024 3256 2095 3321 οί
2125 3271 2321 3341 στρα-
2358 3285 2399 3325 30

423 3356 652 3421 τιῶται
685 3353 800 3420 καὶ
840 3353 1110 3432 ταύταις
1153 3350 1477 3440 ἀρθέντες
1513 3370 1657 3433 ταῖς
1698 3357 1961 3425 ἐλπίσιν
1997 3351 2320 3445 αὐτοκρά-

421 3452 584 3539 τορά
625 3480 694 3551 τε
735 3452 854 3523 τὸν
900 3451 1267 3523 Ἰουλιανὸν
1319 3451 1839 3548 ἀναγορεύουσι,
1878 3459 1992 3527 καὶ
2034 3455 2198 3547 πρὸς
2232 3464 2325 3551 τῷ
