2475 3859
849 155 1155 251 TPJTON
1864 155 1943 215 77

15 322 223 418 αὐτῷ
251 321 286 395 ὅ
324 323 621 414 Ἀλβῖνος
647 328 978 415 ἐνομίζετο
993 349 1008 365 ·
1052 333 1149 397 ἔτι
1187 352 1261 397 τε
1298 327 1411 395 καὶ
1448 321 1695 414 ἤκουεν
1734 323 1945 399 αὐτὸν

19 429 558 520 βασιλικώτερον
587 432 1044 519 ἐντρυφῶντα
1097 435 1190 523 τῷ
1242 435 1367 498 τοῦ
1404 436 1751 519 Καίσαρος,
1786 426 1945 501 ὀνό-

18 561 192 623 ματι
207 586 227 623 ,
273 529 561 615 πολλούς
587 558 659 603 τε
673 584 693 619 ,
721 534 1002 621 μάλιστα
1045 532 1204 614 τοὺς
1242 534 1579 620 ἐξέχοντας
1615 539 1732 623 τῆς
1772 555 1942 623 συγ-

15 638 287 727 κλήτου
313 642 592 725 βουλῆς,
625 641 764 729 ἰδίᾳ
803 639 918 707 καὶ
943 636 1253 727 κρύβδην
1292 639 1790 718 ἐπιστέλλοντας
1814 635 1941 709 αὖ·-

17 749 124 835 τῷ
140 792 161 828 ,
193 747 261 821 ἐς
293 766 366 808 τε
405 737 528 827 τὴν
552 734 804 829 Ῥωμήν
844 744 1074 809 ἐλθεῖν
1113 747 1473 820 πείθοντας
1510 736 1797 821 ἀπόντος
1829 744 1945 810 καὶ

18 842 530 932 ἀσχολουμένου
558 850 679 911 τοῦ
708 844 1042 931 Σεεήρου.
1119 839 1413 934 ᾑροῦντο
1453 837 1581 933 γὰρ
1628 849 1699 912 οἰ
1734 839 1943 913 εὐπα-

17 953 259 1037 τρίδαι
283 948 542 1015 ἐκεῖνον
568 952 819 1034 μᾶλλον
846 944 1170 1035 ἄρχοντα,
1214 942 1329 1015 ἅτε
1367 950 1441 1015 ἐκ
1483 946 1836 1035 προγόνων
1865 937 1943 1016 εὖ

20 1048 360 1139 γεγονότα
389 1049 504 1118 καὶ
535 1047 824 1137 χρηστὸν
849 1048 924 1120 τὸ
951 1041 1120 1139 ἦθος
1147 1048 1320 1118 εἶναι
1344 1048 1727 1138 λεγόμενον.
1771 1046 1941 1138 ἅπερ
1969 1064 2005 1117 3

25 1151 552 1238 πυνθανόμενος
590 1148 627 1221 ὁ
669 1159 956 1244 Σεενῆρος
996 1150 1303 1241 φανερὰν
1340 1152 1463 1240 μὲν
1516 1148 1729 1232 εὐθὺς
1778 1150 1945 1242 πρὸς

31 1252 250 1326 αὐτὸν
303 1261 556 1345 ἔχθραν
607 1251 901 1346 ἅρασθαι
953 1257 1068 1325 καὶ
1131 1255 1425 1342 πόλεμον
1477 1258 1728 1344 ἐγεῖραι
1778 1253 1945 1344 πρὸς

30 1356 256 1449 ἄνδρα
282 1363 613 1446 μηδεμίαν
641 1354 922 1448 εὔλογον
953 1358 1454 1448 παρεσχημένον
1482 1365 1701 1427 αἰτίαν
1728 1385 1945 1449 παρῃ-

31 1462 278 1550 τήσατο
295 1482 309 1495 ·
347 1463 531 1543 ἔδοξε
557 1461 633 1530 δὲ
657 1458 840 1554 αὐτῷ
873 1458 1245 1549 ἀπόπειραν
1272 1460 1701 1549 ποιήσασθαι,
1733 1468 1796 1530 εἰ
1818 1461 1945 1532 δύ-

30 1592 226 1635 ναιτο
255 1560 844 1633 ἀποσκευάσασθαι
883 1563 1117 1634 λαθών
1143 1565 1259 1635 καὶ
1286 1564 1687 1653 ἐξαπατήσας
1716 1561 1941 1637 αὐτόν.

31 1667 626 1758 μεταπεμψάμενος
651 1658 778 1737 οὖν
803 1664 958 1748 τοὺς
983 1667 1414 1748 πιστοτάτους
1440 1674 1575 1736 τῶν
1603 1667 1945 1742 εἰωθότων
1968 1688 2005 1741 4

33 1768 120 1841 τὰ
167 1767 478 1859 βασιλικὰ
515 1769 864 1859 γράμματα
895 1776 1332 1859 διακομίζειν,
1362 1776 1646 1840 δίδωσιν
1680 1768 1906 1851 αὐτοῖς
1916 1808 1952 1835 ι.
1976 1798 2046 1833 1⁹⁵

37 1874 330 1960 ἐντολάς,
349 1880 410 1943 εἰ
431 1874 734 1963 γένοιντο
761 1870 921 1964 παρ’
955 1870 1159 1966 αὐτῷ,
1189 1872 1273 1942 τὰ
1295 1872 1419 1961 μὲν
1444 1871 1791 1962 γράμματα
1822 1879 1946 1962 δη·-

34 1982 242 2066 μοσίᾳ
273 1972 678 2065 ἀποδοῦναι,
711 1973 1000 2059 ’ἀξιῶσαι
1039 1977 1114 2046 δὲ
1152 1974 1361 2046 αὐτὸν
1390 1980 1753 2065 ἰδιαίτερον
1778 1972 1948 2047 ἀπο-

35 2078 286 2150 στάντα
315 2082 680 2151 ἐπακοῦσαι
717 2075 1112 2170 ἀπορρήτων
1149 2072 1472 2167 ἐντολῶν,
1502 2080 1843 2149 πεισθέντι
1872 2079 1949 2149 δὲ

38 2180 450 2271 δορυφόρων
476 2180 698 2275 ἐρήμῳ
727 2185 1064 2253 ἐπιπεσεῖν
1089 2189 1445 2272 αἰφνιδίως
1462 2184 1575 2251 καὶ
1600 2188 1949 2269 φονεῦσαι.

0 2312 8 2349 ι
41 2290 255 2354 ἔδωκε
285 2284 362 2355 δὲ
379 2282 614 2364 αὐτοῖς
637 2288 751 2355 καὶ
777 2287 1140 2377 δηλητήρια
1181 2287 1517 2378 φάρμακα,
1558 2281 1737 2365 ὅπως
1761 2281 1947 2365 τινὰς
1974 2308 2007 2361 5

41 2395 378 2475 πείσαιεν,
419 2395 482 2462 εἰ
507 2394 907 2477 δυνηθεῖεν,
935 2384 982 2479 ἢ
1006 2396 1140 2459 τῶν
1167 2386 1511 2473 ὀψοποιῶν
1548 2383 1594 2476 ἦ
1618 2395 1756 2458 τῶν
1781 2386 1949 2477 πρὸς

37 2507 188 2572 ταῖς
213 2490 457 2579 κύλιξι,
485 2499 726 2561 λαθεῖν
749 2494 864 2563 καὶ
889 2496 1238 2563 ἐπιδοῦναι
1266 2490 1468 2586 αὐτῷ.
1528 2487 1949 2561 ὑποπτευόν-

38 2622 182 2665 των
211 2593 287 2662 δὲ
313 2600 450 2663 των
489 2596 643 2683 περὶ
674 2592 882 2665 αὐτὸν
911 2602 1163 2683 φίλων,
1197 2597 1313 2665 καὶ
1348 2594 1951 2683 συμβουλευόντων

41 2694 229 2789 αὐτῷ
267 2698 724 2783 φυλάττεσθαι
759 2694 978 2787 ἄνδρα
1015 2695 1367 2767 ἀπατεῶνα
1404 2696 1617 2785 σοφόν
1664 2724 1735 2765 τε
1784 2694 1951 2783 πρὸς

0 2821 12 2861 ⁵
43 2800 441 2889 ἐπιβουλήν·
474 2800 998 2890 διαβεβλήκεσαν
1017 2798 1143 2892 γὰρ
1163 2796 1373 2870 αὐτοῦ
1392 2797 1465 2868 τὸ
1490 2791 1659 2887 ἦθος
1686 2803 1763 2867 αἱ
1782 2796 1948 2887 πρὸς
1976 2822 2009 2875 6

42 2902 206 2984 τοὺς
233 2898 560 2991 ἡγεμόνας
597 2912 720 2974 τοῦ
745 2911 1012 2992 Νίγρου
1047 2904 1347 2994 πράξεις·
1385 2908 1616 2981 πείσας
1650 2899 1781 2990 γὰρ
1824 2897 1953 2971 αὖ·

43 3006 206 3089 τοὺς
232 3004 348 3075 διὰ
371 3013 508 3076 τῶν
537 3012 835 3095 παίδων,
867 3002 956 3087 ὥς
995 3013 1383 3095 προείρηται
1402 3056 1421 3091 ,
1460 3008 1833 3093 προδοῦναι
1870 3031 1955 3075 τα

44 3117 170 3181 τοῦ
197 3115 466 3198 Νίγρου
497 3108 878 3199 πράγματα,
907 3106 1068 3198 μετὰ
1096 3108 1170 3180 τὸ
1197 3106 1703 3197 ἀποχρήσασθαι
1728 3103 1954 3176 αὐτῶν

46 3220 128 3303 τῇ
155 3208 490 3339 ὑπηρεσία
521 3215 635 3282 καὶ
663 3220 1089 3303 κατορθῶσαι
1113 3212 1331 3283 πάντα
1359 3206 1403 3280 ἃ
1430 3208 1741 3300 ἐβούλετο
1769 3207 1953 3279 ἀνεῖ-

0 3342 20 3381 n
51 3325 170 3387 λεν
207 3312 456 3395 αὐτούς
496 3342 570 3385 τε
615 3318 728 3385 καὶ
769 3322 1026 3396 παῖδας.
1110 3312 1203 3385 τὰ.
1227 3344 1357 3385 ουν
1393 3312 1697 3385 ὕπουλον
1740 3309 1949 3383 αὐτοῦ

49 3410 218 3508 ἦθος
243 3419 526 3523 μάλιστα
553 3421 630 3489 ἐκ
665 3446 800 3487 των
827 3426 1046 3507 ἔργων
1072 3422 1409 3507 ἐδηλοῦτο.
1512 3415 1625 3487 δια
1662 3423 1870 3487 ταῦτα
1909 3412 1945 3484 ὁ
1977 3432 2011 3490 7

45 3512 344 3612 Ἀλβῖνος
381 3524 496 3592 καὶ
519 3528 792 3612 φρουρᾷ
829 3528 1076 3610 μείζονι
1111 3528 1439 3615 ἔφραττεν
1474 3520 1745 3592 ἑαυτόν·
1792 3516 1956 3590 ουδὲ
