2475 3859
434 89 516 149 52
1169 92 1619 153 AEYTEPON

433 261 722 351 βήματος
747 258 928 357 αὐτῷ
969 265 1629 344 κατασκευασθέντος
1668 266 1847 345 ἔλεξε
1883 264 2105 335 τοιάδε
2130 262 2343 335 ἀνελ-

433 365 606 437 θών.
1321 430 1343 443 ,

375 496 410 547 2
631 464 789 557 “τῆς
828 468 952 556 μὲν
995 471 1153 557 ἐμῆς
1193 468 1462 558 γνώμης
1498 466 1575 537 τὸ
1627 474 1841 558 πρᾶον
1890 473 2003 539 καὶ
2048 469 2214 561 πρὸς
2259 470 2349 540 τὰ
2449 554 2450 561 ¹

431 571 684 663 μεγάλα
709 575 845 640 τών
885 574 1385 661 τετολμημένων
1426 568 1701 660 εὐλαβὲς
1753 583 1909 655 ἴσως
1952 576 2129 643 ἐστὶν
2166 570 2349 663 ὑμῖν
2449 588 2450 597 ’

431 677 636 749 πάλαι
661 672 1030 763 γνώριμον·
1071 671 1221 743 οὐδ’
1270 669 1356 744 ὃν
1393 679 1525 744 νῦν
1566 678 1630 753 ἐς
1670 670 1841 765 ὑμᾶς
1866 669 2083 765 ἦλθον
2116 682 2343 749 ταῦτα
2374 699 2397 739 5

341 844 358 869 x
433 777 934 869 δημηγορήσων,
965 784 1028 847 εί
1053 780 1126 847 ἐκ
1153 777 1359 867 μόνης
1386 781 1829 868 προαιρέσεως
1858 786 2190 869 ἰδιωτικῆς
2217 784 2345 851 καὶ
2448 806 2450 855 3

431 880 679 968 ἀλόγου
707 884 972 961 ἐλπίδος
998 876 1040 969 ἦ
1067 888 1358 970 μείζονος
1385 884 1649 963 ἐλπίδος
1678 884 2035 972 ἐπιθυμίας
2060 881 2341 953 ἄνεπει-
2448 902 2450 909 “

431 985 674 1074 θόμην.
729 980 874 1053 ἀλλ’
909 983 1021 1071 ἐμὲ
1059 991 1338 1055 καλοῦσι
1366 981 1699 1073 Ῥωμαῖοι,
1728 988 1841 1054 καὶ
1876 992 2169 1074 συνεχῶς
2209 996 2339 1075 βο-

435 1095 639 1168 ῶντες
667 1088 1048 1173 ἐπείγουσιν
1075 1085 1295 1177 ὀρέξαι
1320 1116 1392 1157 τε
1418 1105 1607 1178 χεῖρα
1648 1089 1977 1179 σωτήριον
2016 1092 2126 1159 καὶ
2154 1086 2341 1161 οὕτω

432 1189 556 1282 τὴν
585 1192 854 1271 ἔνδοξον
879 1192 992 1258 καὶ
1029 1191 1341 1281 ἐνάρετον
1366 1187 1497 1261 ἀπὸ
1526 1191 1879 1281 προγόνων
1904 1191 2177 1263 ἄνωθεν
2202 1190 2333 1282 ἄρ·
2376 1209 2413 1247 ¹⁰
2449 1280 2450 1283 Ἴ

375 1317 410 1373 3
435 1293 560 1384 χὴν
585 1291 674 1383 μὴ
703 1299 1031 1382 περιιδεῖν
1069 1299 1355 1383 αἰσχρῶς
1392 1297 1812 1384 ἐρριμμένην.
1896 1293 2117 1385 ὥσπερ
2157 1296 2231 1365 δὲ
2260 1295 2341 1365 τὸ

431 1412 569 1478 τοῖς
593 1396 1000 1485 τηλικούτοις
1039 1400 1397 1485 ἐπιτολμᾶν
1436 1395 1560 1467 οὐκ
1602 1395 1801 1485 οὔσης
1844 1395 2128 1486 εὐλόγου
2168 1424 2337 1488 προ-

433 1499 695 1588 φάσεως
723 1500 1042 1589 προπετὲς
1065 1502 1179 1569 καὶ
1222 1499 1480 1592 θρασύ,
1522 1496 1695 1571 οὕτω
1736 1503 1847 1569 καὶ
1888 1500 1962 1571 τὸ
2004 1500 2169 1591 πρὸς
2211 1529 2337 1571 κα·

433 1609 712 1685 λοῦντας
749 1606 861 1672 καὶ
903 1606 1257 1691 δεομένους
1300 1600 1589 1693 ὀκνηρὸν
1632 1600 1995 1694 ἀνανδρίας
2038 1602 2169 1693 ἅμα
2222 1608 2341 1673 καὶ

433 1712 790 1797 προδοσίας
817 1708 1007 1797 φέρει
1035 1707 1374 1797 διαβολήν.
1415 1706 1521 1777 διὸ
1548 1712 1899 1797 παρῆλθον
1926 1708 2338 1797 πευσόμενος
2370 1725 2407 1766 15

431 1807 622 1899 ὑμῶν
659 1817 808 1879 τίνα
849 1810 1126 1899 γνώμην
1162 1816 1373 1898 ἔχοιτε
1412 1805 1523 1881 καὶ
1561 1816 1631 1878 τί
1664 1815 1994 1900 πρακτέον
2033 1806 2339 1901 ἡγοῖσθε,

432 1913 832 2001 συμβούλοις
867 1942 939 1983 τε
977 1910 1138 2004 ὑμῖν
1175 1916 1287 1983 καὶ
1326 1928 1673 1993 κοινωνοῖς
1726 1916 2127 2005 χρησόμενος
2180 1918 2339 2005 περὶ

431 2022 568 2085 τῶν
606 2017 1054 2086 καθεστώτων
1073 2039 1086 2053 ·
1135 2014 1210 2085 τὸ
1236 2014 1364 2104 γὰρ
1405 2014 1913 2105 ἀποβησόμενον
1952 2026 2016 2089 εί
2054 2015 2335 2106 εὐτυχη-

433 2124 627 2205 θείη,
665 2116 902 2205 κοινὴν
940 2121 1090 2205 έμοί
1123 2146 1194 2187 τε
1233 2121 1347 2187 καὶ
1382 2115 1546 2207 ὑμῖν
1585 2118 1708 2209 τὴν
1749 2117 2120 2191 ἀπόλαυσιν
2159 2146 2333 2210 παρ-

375 2240 411 2293 4
437 2222 586 2303 έξει.
689 2218 770 2289 οὐ
799 2226 1050 2307 φαῦλαι
1091 2221 1166 2289 δὲ
1206 2217 1365 2291 οὐδὲ
1399 2227 1647 2308 κοῦφαι
1686 2230 2007 2295 καλοῦσιν
2046 2228 2333 2310 ἐλπίδες,
2366 2248 2411 2288 w

435 2319 582 2393 ἀλλ’
625 2318 663 2391 ὅ
711 2350 783 2391 τε
825 2318 1162 2411 Ῥωμαίων
1215 2329 1453 2413 δῆμος,
1494 2315 1547 2417 ᾦ
1597 2323 1721 2414 τὴν
1764 2332 2337 2408 δεσποτείαντών

435 2422 750 2495 ἁπάντων
778 2432 1048 2515 ἔνειμαν
1073 2429 1224 2496 θεοὶ
1250 2428 1361 2495 καὶ
1399 2426 1519 2517 τὴν
1545 2436 1925 2517 βασιλείαν,
1971 2428 2015 2519 ἦ
2052 2456 2123 2499 τε
2166 2427 2337 2519 ἀρχὴ

437 2527 811 2599 σαλεύουσα
848 2531 960 2599 καὶ
1001 2528 1178 2618 παρὰ
1215 2537 1458 2619 μηδενί
1504 2558 1605 2601 πω
1658 2540 1944 2621 βεβαίως
1986 2535 2331 2622 ἱδρυμένη.

436 2630 604 2703 ὅθεν
631 2627 790 2721 ἡμῖν
815 2634 926 2702 καὶ
951 2630 1024 2702 τὸ
1051 2638 1164 2723 τῆς
1192 2635 1652 2725 ἐπιχειρήσεως
1678 2632 1991 2724 ἀσφαλές,
2022 2642 2095 2705 ἔκ
2120 2664 2191 2705 τε
2218 2642 2333 2725 τῆς

435 2741 571 2806 τών
589 2736 975 2807 καλούντων
1000 2736 1265 2826 γνώμης
1290 2740 1401 2807 καὶ
1441 2742 1513 2807 ἐκ
1552 2744 1673 2807 τοῦ
1710 2742 1963 2828 μηδένα
2002 2738 2173 2809 εἶναι
2212 2737 2333 2809 τὸν
2362 2766 2411 2807 25

379 2862 410 2913 5
441 2837 826 2909 ἄνθεστώτα
865 2840 1032 2927 μηδὲ
1067 2840 1443 2926 κωλύοντα,
1484 2836 1761 2930 ὑπάρξει
1780 2864 1795 2879 ·
1834 2845 1947 2912 καὶ
1982 2840 2112 2932 γὰρ
2151 2847 2219 2911 οἰ
2252 2841 2335 2911 τὰ
2445 2854 2451 2861 ’

393 2939 398 2944 ’
441 2947 706 3013 ἐκεῖθεν
733 2939 1160 3030 ἀγγέλλοντές
1187 2965 1352 3032 φασι
1394 2944 1560 3033 μηδὲ
1596 2942 1751 3025 τούς
1790 2946 2225 3035 στρατιώτας,
2268 2953 2335 3015 οἳ

438 3044 561 3134 τὴν
587 3042 797 3133 ἀρχὴν
837 3042 1018 3138 αὐτῷ
1056 3047 1408 3136 χρημάτων
1448 3044 1804 3133 ἀπέδοντο,
1848 3047 2121 3130 πιστούς
2160 3046 2329 3117 εἶναι

441 3146 826 3238 [φρουροὺς]
867 3144 1226 3238 ὑπηρέτας,
1269 3149 1437 3237 μηδὲ
1475 3150 1941 3239 πληρώσαντος
1992 3157 2253 3222 ἐκείνου
2288 3148 2331 3221 ἃ

441 3247 776 3337 ὑπέσχετο.
829 3258 979 3319 τίνα
1002 3258 1237 3320 τοίνυν
1264 3258 1441 3338 ἔχετε
1467 3252 1761 3342 γνώμην,
1790 3251 2183 3352 δηλώσατε.”
2354 3284 2406 3325 ³⁰

374 3372 409 3427 6
642 3352 914 3421 τοιαῦτά
937 3354 1098 3421 τινα
1116 3352 1415 3433 εἰπόντος
1442 3351 1647 3423 αὐτοῦ
1665 3408 1683 3441 ,
1726 3354 1981 3437 εὐθέως
2018 3356 2092 3427 τὸ
2130 3378 2325 3447 στρα-

440 3450 746 3521 τιωτικὸν
781 3459 914 3521 πᾶν
941 3456 1052 3521 καὶ
1075 3452 1150 3523 τὸ
1175 3460 1687 3545 συνειλεγμένον
1724 3466 1981 3548 πλῆθος
2004 3458 2327 3552 αὐτοκρά-
