2475 3859
895 170 1336 230 ΠΕΜΠΓΟΝ
1952 170 2071 232 137

367 338 544 430 πλὴν
569 348 784 411 καίτοι
809 340 1116 430 χορεύειν
1141 338 1247 411 ἀεὶ
1273 343 1385 411 καὶ
1414 346 1791 431 ἱερουργεῖν
1818 349 2063 432 δοκῶν,
2094 345 2133 406 6

149 450 518 525 πλείστους
545 440 890 515 ἀπέκτεινε
929 452 1066 514 τῶν
1107 443 1399 528 ἐνδόξων
1431 458 1503 514 τε
1554 450 1667 516 καὶ
1706 454 2070 535 πλουσίων,
2112 502 2118 509 .

149 550 652 637 διαβληθέντας
680 544 860 641 αὐτῷ
881 543 970 629 ὥς
995 543 1577 637 ἆπαρὲσκομένους
1598 551 1711 619 καὶ
1724 547 2075 619 σκώπτον-

151 678 280 731 τας
309 646 522 721 αὐτοῦ
547 650 673 720 τὸν
694 658 867 740 βίον.
920 648 1202 739 ἠγάγετο
1229 650 1307 720 δὲ
1334 666 1623 739 γυναῖκα
1651 650 1775 741 τὴν
1800 650 2075 742 εὐγενε-

93 778 123 816 5
153 753 412 843 στάτην
433 750 790 843 Ῥωμαίων,
813 750 900 843 ἢν
923 752 1255 842 σεβαστὴν
1272 750 1731 844 ἀναγορεύσας
1756 754 1897 844 μετ’
1928 754 2075 827 ὀλί-

149 884 290 944 γον
314 857 558 946 χρόνον
585 854 1034 946 ἀπεπέμψατο,
1055 860 1430 927 ἰδιωτεύειν
1456 858 1775 939 κελεύσας
1802 862 2076 929 καὶτῶν

151 966 376 1047 τιμῶν
401 960 866 1049 παρελόμενος.
919 956 1062 1049 μετ’
1109 964 1377 1049 ἐκείνην
1422 961 1497 1031 δὲ
1534 963 2072 1052 προσποιησάμε»
2100 974 2135 1026 2

152 1090 280 1143 νος
313 1065 497 1152 ἐρᾶν,
526 1068 638 1133 ἵνα
665 1063 748 1152 δὴ
777 1066 889 1133 καὶ
919 1063 1001 1133 τὰ
1019 1071 1156 1133 τῶν
1181 1061 1455 1152 ἀνδρῶν
1485 1064 1801 1154 πράττειν
1818 1072 2075 1156 δοκοίη,

153 1170 513 1253 παρθένου
543 1174 624 1257 τῇ
655 1164 996 1255 Ῥωμαίων
1021 1163 1242 1259 Ἑστίᾳ
1270 1170 1631 1256 ἱερωμένης
1660 1164 1977 1257 ἁγνεύειν
2004 1197 2077 1239 τε

67 1308 118 1348 10
155 1268 331 1358 πρὸς
361 1278 497 1339 τῶν
523 1275 725 1358 ἱερῶν
759 1270 987 1359 νόμων
1013 1273 1453 1359 κελευομένης
1480 1272 1591 1340 καὶ
1630 1274 1822 1359 μέχρι
1846 1274 2078 1354 τέλους

151 1380 282 1441 τοῦ
348 1379 506 1460 βίον
579 1372 1162 1461 παρθενεύεσθαι,
1229 1370 1616 1455 ἀποσπάσας
1680 1371 1895 1463 αὐτὴν
1961 1382 2077 1464 τῆς

144 1472 408 1556 Ἑστίας
457 1477 570 1545 καὶ
609 1483 732 1545 τοῦ
789 1482 978 1562 ἱεροῦ
1027 1482 1465 1565 παρθενῶνος
1516 1494 1803 1564 γυναῖκα
1858 1484 2075 1566 ἔθετο,

153 1583 536 1661 ἐπιστείλας
573 1585 654 1669 τῇ
696 1579 1044 1672 συγκλήτῳ
1087 1581 1198 1648 καὶ
1235 1576 1893 1668 παραμυθησάμενος
1920 1578 2079 1652 ἆσέ-

156 1682 346 1771 βημά
371 1710 441 1751 τε
467 1684 583 1753 καὶ
609 1679 958 1771 ἁμάρτημα
983 1688 1381 1770 τηλικοῦτον
1396 1734 1415 1769 ,
1462 1682 1680 1771 φήσας
1724 1680 2077 1773 ἀνθρώπι-

74 1820 121 1860 15
157 1786 288 1856 νόν
313 1814 378 1853 τι
406 1789 820 1855 πεπονθέναι
852 1785 1102 1867 πάθος·
1133 1792 1331 1874 ἔρωτι
1350 1782 1477 1873 γὰρ
1506 1792 1619 1874 τῆς
1646 1785 1848 1874 κόρης
1866 1788 2078 1857 ἑαλω-

153 1891 374 1976 κέναι,
403 1884 770 1978 ἆρμόζοντά
795 1916 866 1957 τε
887 1891 999 1957 καὶ
1013 1888 1377 1977 σεβάσμιον
1406 1887 1577 1957 εἶναι
1606 1888 1820 1977 γάμον
1852 1892 2079 1976 ἱερέως

153 2020 230 2062 τε
255 1993 371 2061 καὶ
404 1997 664 2082 ἱερείας.
699 1989 874 2079 πλὴν
901 1993 1014 2061 καὶ
1041 1991 1293 2079 ταύτην
1320 1981 1409 2059 αὖ
1436 1987 1579 2079 μετ’
1616 1990 1699 2062 οὐ
1719 1992 1893 2061 πολὺ
1913 1990 2080 2063 άπε-

155 2098 500 2184 πέμψατο,
531 2101 762 2184 τρίτην
789 2094 866 2165 δὲ
905 2094 1108 2165 πάλιν
1144 2091 1463 2183 ἠγάγετο,
1495 2090 1971 2185 ἀναφέρουσαν
2002 2094 2077 2166 τό

154 2200 354 2287 γένος
379 2201 448 2279 ἐς
475 2198 858 2287 Κόμμοδον.
1307 2203 1315 2211 ’

71 2318 132 2359 2⁰·
365 2307 586 2385 ἔπαιζε
614 2302 688 2371 δὲ
717 2301 974 2389 γάμους
999 2295 1082 2369 ού
1122 2299 1335 2388 μόνον
1364 2296 1863 2387 ἅνθρωπείους,
1904 2296 2071 2369 ἀλλὰ
2102 2310 2137 2364 3

151 2406 392 2495 καὶτῷ
425 2412 588 2497 θεῷ,
621 2396 674 2497 ᾦ
717 2404 1050 2491 ἱεράτευε,
1087 2420 1375 2491 γυναῖκα
1416 2402 1655 2493 ἐζήτει·
1698 2406 1809 2473 καὶ
1852 2410 1971 2491 τῆς
2006 2430 2079 2473 τε

151 2507 514 2588 Παλλάδος
543 2507 617 2578 τὸ
647 2504 930 2595 ἄγαλμα,
951 2502 990 2575 ὃ
1017 2505 1321 2593 κρυπτὸν
1348 2508 1459 2576 καὶ
1488 2504 1778 2593 ἀόρατον
1804 2508 2077 2596 σέβουσι

143 2607 487 2699 Ῥωμαῖοι,
519 2613 586 2692 ἐς
623 2608 742 2679 τὸν
783 2612 1026 2681 ἑαυτοῦ
1068 2608 1381 2697 θάλαμον
1420 2610 1780 2698 μετήγαγε·
1834 2612 1949 2679 καὶ
1986 2607 2076 2698 μὴ

153 2714 445 2802 κινηθὲν
487 2716 552 2796 ἐξ
595 2704 804 2801 οὗπερ
846 2703 1060 2801 ἦλθεν
1101 2706 1230 2781 άπὸ
1257 2709 1491 2801 Ἰλίου,
1532 2720 1595 2781 εἰ
1626 2711 1715 2801 μὴ
1758 2706 1871 2781 ὅτε
1913 2714 2078 2799 πυρὶ

71 2841 123 2881 25
155 2818 584 2906 κατεφλέχθη
613 2813 646 2885 ὃ
685 2815 886 2903 νεώς,
915 2818 1224 2901 ἐκίνησεν
1252 2805 1481 2901 οὗτος,
1514 2818 1627 2883 καὶ
1664 2812 1829 2901 πρὸς
1862 2812 2077 2903 γάμον

153 2916 246 3007 δὴ
273 2923 342 3001 ἐς
367 2918 492 3009 τὴν
532 2926 876 3008 βασίλειον
915 2914 1131 3005 αὐλὴν
1169 2924 1263 3009 τῷ
1303 2924 1446 3008 θεῷ
1487 2915 1801 3005 ἀνήγαγε.
1858 2916 2075 3005 φήσας
2100 2938 2137 2992 4

155 3023 236 3091 δὲ
257 3019 758 3114 ἆπαρέσκεσθαι
786 3018 994 3091 αὐτὸν
1023 3016 1112 3100 ὣς
1137 3020 1351 3090 πάντα
1380 3023 1455 3088 ἐν
1478 3017 1709 3101 ὅπλοις
1732 3020 1847 3089 καὶ
1873 3029 2077 3090 πολε-

155 3132 324 3216 μικῇ
375 3132 519 3219 θεῷ
537 3178 556 3214 ,
605 3132 720 3214 τῆς
764 3122 1106 3214 Οὐρανίας
1157 3121 1233 3193 τὸ
1282 3120 1545 3212 ἄγαλμα
1598 3124 2075 3212 μετεπέμψατο,

155 3229 500 3317 σεβόντων
527 3226 692 3298 αὐτὸ
736 3225 1100 3317 ὑπερφυῶς
1139 3232 1626 3315 Καρχηδονίων
1672 3253 1743 3295 τε
1788 3228 1901 3295 καὶ
1944 3233 2080 3295 τῶν

77 3360 126 3401 ao
157 3330 334 3401 κατὰ
361 3330 484 3421 τὴν
507 3331 774 3421 Λιβύην
802 3328 1206 3420 ἀνθρώπων.
1237 3332 1403 3416 φασὶ
1434 3331 1507 3399 δὲ
1536 3324 1703 3425 αὐτὸ
1734 3327 1925 3399 Λιδω
1956 3326 2081 3417 τὴν
2156 3406 2163 3413 .

155 3442 532 3505 Φοίνισσαν
573 3434 1012 3524 ἱδρύσασθαι,
1055 3428 1166 3503 ὅτε
1207 3431 1293 3521 δὴ
1333 3430 1455 3521 τὴν
1490 3429 1772 3521 ἀρχαίαν
1812 3440 2079 3521 Καρχη-

155 3537 332 3608 δόνα
359 3537 556 3608 πόλιν
583 3545 832 3625 ἔκτισε,
861 3536 1126 3627 βύρσαν
1149 3542 1625 3625 κατατεμοῦσα.
1678 3543 1927 3626 Λίβυες
1956 3536 2079 3624 μὲν
