2475 3859
401 133 526 197 202
1191 137 1538 200 ΟΓΔΟΟΝ

401 309 606 397 λέμου
640 307 765 397 μὲν
811 307 1086 401 εἰρήνην
1125 313 1389 398 ἔχοντες
1426 307 1595 399 πρός
1632 306 1841 390 θεοὺς
1882 305 2000 392 οῦς
2042 306 2317 400 ὀμωμό-

401 437 592 499 κατε,
621 413 737 480 καὶ
761 417 894 482 νῦν
919 411 1381 501 φυλάσσοντες
1403 411 1523 482 τὸν
1564 412 2041 501 στρατιωτικὸν
2082 411 2313 506 ὅρκον,

401 509 476 595 ὅς
505 517 644 584 ἐστι
681 520 797 603 τῆς
823 511 1159 604 Ῥωμαίων
1195 514 1400 606 ἀρχῆς
1436 513 1685 604 σεμνὸν
1724 515 2107 606 μυστήριον.
2186 515 2313 605 χρὴ

403 617 480 688 δὲ
506 613 678 706 ὑμᾶς
705 619 817 687 καὶ
849 609 972 687 τοῦ
995 626 1238 688 λοιποῦ
1272 617 1387 688 δια
1424 616 1673 700 παντὸς
1710 617 1972 689 τούτων
2010 615 2315 689 ἀπολαύ-

404 748 537 808 ειν,
564 717 647 790 τὰ
691 717 891 791 πιστὰ
926 728 1295 812 τηροῦντας
1324 719 1663 810 Ῥωμαίοις
1700 749 1773 792 τε
1810 723 1925 791 καὶ
1963 722 2315 815 συγκλήτῳ
2338 749 2360 789 5

403 824 518 894 καὶ
543 819 1072 914 αὐτοκράτορσιν
1093 820 1277 913 ἡμῖν,
1292 819 1411 906 οὓς
1438 827 1503 908 ἐξ
1537 821 1879 912 εὐγενείας
1904 826 2017 895 καὶ
2045 832 2315 895 πολλῶν

403 924 863 1014 πράξεωνκαὶ
899 934 1154 1016 μακρᾶς
1203 933 1517 1016 διαδοχῆς
1554 923 1777 1018 ὥσπερ
1828 924 1975 998 κατ’
2026 924 2315 998 ἀκολου-

403 1036 572 1099 θίαν
613 1031 724 1100 ἐπὶ
758 1036 956 1100 τοῦτο
997 1027 1375 1119 ἀναβάντας
1410 1036 1761 1122 κρίναντες
1798 1025 1835 1099 ὁ
1876 1035 2084 1119 δῆμος
2122 1033 2239 1100 καὶ
2274 1028 2317 1118 ἡ

340 1141 376 1192 5
405 1131 774 1221 σύγκλητος
833 1135 1198 1216 ἐπελέξατο.
1317 1130 1401 1204 οὐ
1446 1131 1575 1223 γὰρ
1634 1131 1785 1215 ἑνὸς
1832 1129 2081 1223 ἀνδρὸς
2136 1139 2315 1204 ἴδιον

405 1242 620 1323 κτῆμα
645 1232 900 1324 ἡάρχή,
917 1232 1086 1306 ἀλλὰ
1110 1233 1347 1306 κοινὸν
1370 1243 1494 1307 τοῦ
1523 1233 1863 1326 Ῥωμαίων
1890 1235 2107 1325 δήμου
2134 1233 2312 1306 ἅνω-
2344 1263 2379 1303 ιο

404 1347 566 1424 θεν,
593 1340 708 1407 καὶ
737 1339 812 1407 ἐν
851 1341 1076 1429 ἐκείνη
1111 1346 1192 1429 τῇ
1221 1339 1413 1410 πόλει
1454 1335 1495 1428 ἡ
1528 1346 1645 1428 τῆς
1682 1345 2019 1428 βασιλείας
2047 1344 2311 1429 ἵδρυται

404 1440 602 1529 τύχη·
647 1437 838 1529 ἡμεῖς
863 1442 940 1512 δὲ
967 1448 1253 1512 διοικεῖν
1276 1445 1391 1512 καὶ
1422 1443 1679 1513 διέπειν
1706 1440 1787 1512 τὰ
1811 1449 1927 1530 τῆς
1954 1439 2159 1532 ἀρχῆς
2184 1441 2311 1512 σὺν

401 1539 568 1633 ὑμῖν
599 1546 1166 1635 ἐγκεχειρίσμεθα.
1230 1553 1441 1616 ταῦτα
1480 1546 1557 1616 δὲ
1592 1542 1735 1635 μετ’
1772 1542 2073 1629 εὐταξίας
2099 1573 2173 1615 τε
2202 1547 2313 1616 καὶ

401 1646 658 1736 κόσμου
683 1653 805 1718 τοῦ
831 1651 1216 1738 πρέποντος,
1245 1654 1481 1730 αἰδοῦς
1512 1676 1585 1718 τε
1612 1651 1727 1719 καὶ
1750 1654 1941 1737 τιμῆς
1968 1647 2137 1740 πρὸς
2160 1647 2313 1728 τοὺς

401 1747 758 1839 ἄρχοντας,
800 1747 964 1840 ὑμῖν
1001 1751 1126 1841 μὲν
1169 1748 1537 1842 εὐδαίμονα
1574 1753 1690 1822 καὶ
1730 1751 1999 1822 πάντων
2030 1748 2311 1839 ἀνενδεῆ
2342 1771 2377 1812 5

401 1855 670 1942 παρέξει
706 1859 892 1943 βίον,
931 1869 1070 1935 τοῖς
1113 1850 1180 1923 δ’
1225 1852 1455 1936 ἀλλοις
1490 1862 1694 1925 πᾶσιν
1730 1850 2119 1944 ἀνθρώποις
2148 1853 2311 1925 κατά

403 1983 476 2026 τε
503 1963 676 2046 ἔθνη
705 1959 818 2028 καὶ
843 1956 1012 2028 κατὰ
1035 1956 1263 2038 πόλεις
1292 1958 1567 2047 εἰρήνην
1590 1959 1705 2028 καὶ
1730 1955 1895 2049 πρὸς
1920 1955 2076 2040 τοὺς
2102 1955 2310 2047 ἡγουυ

403 2059 646 2148 μένους
671 2059 908 2130 πειθώ.
972 2059 1311 2149 βιάσεσθέ
1335 2089 1406 2132 τε
1432 2059 1739 2132 καὶκατὰ
1765 2059 2041 2150 γνώμην
2076 2063 2155 2131 ἐν
2178 2077 2310 2142 τοῖς

343 2178 379 2232 6
409 2169 680 2244 οἰκείοις
697 2214 718 2251 ,
745 2159 872 2233 οὐκ
899 2165 975 2233 ἐν
1001 2160 1347 2255 ἀλλοδαπῇ
1365 2171 1935 2245 κακοπαθοῦντες.
2038 2159 2210 2254 ὑπὲρ
2238 2164 2310 2233 δὲ

403 2272 524 2335 τοῦ
551 2267 667 2336 καὶ
691 2263 774 2334 τά
809 2265 1118 2358 βάρβαρα
1154 2263 1509 2356 ἡσυχάζειν
1548 2273 1752 2356 ἔθνη,
1798 2265 1913 2337 διὰ
1952 2272 2309 2356 φροντίδος
2332 2293 2377 2332 ω

400 2364 591 2456 ἡμεῖς
617 2370 866 2456 ἕξομεν.
923 2368 1050 2440 δύο
1091 2369 1216 2458 μὲν
1252 2369 1381 2459 γὰρ
1420 2367 1641 2440 ὄντων
1669 2371 1999 2459 βασιλέων
2026 2365 2311 2460 εὐμαρέ-
2338 2365 2344 2372 ’

402 2493 644 2561 στερον
685 2472 802 2539 καὶ
831 2469 916 2540 τὰ
953 2473 1028 2540 ἐν
1065 2478 1146 2562 τῇ
1181 2468 1393 2563 Ῥώμῃ
1420 2473 1828 2562 διοικήσεται
1852 2474 1967 2542 καὶ
2006 2483 2076 2544 εἴ
2109 2501 2177 2544 τι
2204 2475 2309 2544 ἐπὶ

401 2579 518 2661 τῆς
545 2570 924 2662 ἀλλοδαπῆς
950 2577 1234 2663 ἐπείγοι,
1264 2575 1431 2665 πρὸς
1456 2574 1581 2665 τὴν
1604 2584 1835 2665 χρείαν
1860 2571 1973 2645 ἀεί
1997 2604 2119 2648 του
2148 2575 2311 2664 πρὸς

401 2674 484 2747 τά
513 2683 848 2746 καλοῦντα
875 2679 1124 2769 ῥᾳδίως
1149 2679 1497 2768 παρόντος.
1530 2681 1705 2768 μηδέ
1724 2707 1821 2760 τις
1838 2674 2033 2766 ὐμῶν
2064 2682 2309 2750 οἰέσθω

401 2785 540 2850 τῶν
565 2783 1054 2872 πεπραγμένων
1083 2779 1265 2852 εἶναί
1296 2809 1446 2852 τινα
1472 2781 1769 2872 μνήμην,
1800 2791 1931 2852 εἴτε
1959 2778 2087 2873 ὑφ’
2118 2779 2309 2873 ἡμῶν
2336 2806 2375 2846 ‘25

401 2882 832 2967 (ἐκελεύεσθε
879 2882 1038 2973 γάρ)
1087 2893 1220 2954 εἴτε
1258 2881 1393 2955 ὑπὸ
1445 2881 1783 2974 Ῥωμαίων
1824 2879 1871 2972 ἡ
1907 2893 2044 2955 τῶν
2088 2883 2311 2955 ἄλλων

401 2987 663 3074 ἐθνῶν,
707 2994 778 3056 οἳ
815 2982 1251 3076 ἀδικούμενοι
1296 2983 1671 3076 ἀπέστησαν
1692 3009 1705 3026 ·
1762 2983 1930 3058 ἀλλὰ
1969 2986 2096 3079 γὰρ
2146 2995 2309 3060 ἔστω

385 3088 674 3158 ,πάντων
705 3085 1032 3178 ἀμνηστία
1046 3141 1066 3178 ,
1095 3092 1210 3160 καὶ
1246 3093 1533 3162 σπονδαὶ
1576 3097 1805 3180 φιλίας
1833 3097 2114 3181 βεβαίου
2129 3143 2151 3180 ,
2195 3089 2311 3162 εὐ-

400 3197 590 3272 νοίας
613 3217 688 3260 τε
711 3193 826 3260 καὶ
853 3189 1210 3281 εὐκοσμίας
1235 3199 1451 3274 πίστις
1474 3189 1799 3275 αἰώνιος.”

340 3313 374 3368 7
603 3289 882 3363 τοιαῦτά
921 3322 1072 3364 τινα
1115 3293 1325 3364 εἰπών
1366 3292 1403 3364 ὁ
1440 3296 1778 3386 Μάξιμος,
1814 3293 2025 3383 νομάς
2050 3319 2123 3364 τε
2149 3322 2313 3384 χρη-
2338 3324 2380 3364 ω

404 3393 630 3481 μάτων
655 3395 1174 3484 μεγαλοφρόνως
1187 3393 1419 3480 αὐτοῖς
1446 3399 1860 3489 ἐπαγγείλας,
1874 3394 2123 3486 ὀλίγων
2150 3394 2312 3487 ἡμε-

404 3500 544 3579 ρῶν
569 3501 922 3585 διατρίψας
933 3499 1010 3567 ἐν
1035 3505 1117 3587 τῇ
1147 3495 1465 3594 Ἀκυληία
1478 3499 1679 3590 τὴνές
1708 3498 1959 3591 Ῥώμην
1986 3499 2313 3572 ἐπάνοδον
