2475 3859
549 163 664 225 122
1284 167 1725 231 TETAPTON

744 337 1002 409 τούτων
1044 337 1120 409 δὲ
1161 339 1633 427 πραττομένων
1672 340 2015 426 ἐφίσταται
2052 332 2089 407 6
2121 333 2445 427 Ἀρτάβα-

539 468 655 523 νος
680 440 844 529 μετὰ
877 448 1192 531 μεγίστου
1229 442 1535 533 πλήθους
1578 443 1691 511 καὶ
1718 440 2099 529 δυνάμεως,
2140 445 2349 509 ἵππον
2372 467 2445 509 τε

540 544 794 634 πολλὴν
823 542 1008 633 ἄγων
1033 546 1144 614 καὶ
1181 546 1467 629 τοξοτῶν
1498 546 1665 633 μέγα
1702 572 1765 613 τι
1804 550 2059 632 πλῆθος
2096 542 2443 633 καταφρά-

475 667 511 720 4
543 675 740 729 κτους
765 675 835 717 τε
869 645 998 717 ἀπὸ
1039 648 1355 737 καμήλων
1382 653 1635 731 ἔξωθεν
1669 662 1943 738 μακροῖς
1970 646 2268 735 δόρασιν.
2358 642 2443 725 ὥς

537 747 606 821 δ’
650 746 988 839 ἀπηγγέλη
1029 750 1360 839 προσιών,
1404 753 1813 839 συγκαλέσας
1852 748 2007 831 τούς
2043 746 2475 838 στρατιώταςε

537 850 572 924 6
603 860 956 942 Μακρῖνος
987 858 1162 937 ἔλεξε
1199 854 1442 925 τοιάδε.
1508 850 1783 941 “ἀλγεῐν
1822 881 1946 941 μεν
1982 849 2153 940 υμᾶς
2192 849 2441 931 πάντας

537 957 647 1026 ἐπὶ
672 956 974 1027 τοιούτου
1002 953 1417 1045 βασιλέως,’“
1372 986 1413 1045 η
1446 962 1557 1027 ἵνα
1574 953 1834 1045 τάληθῆ
1850 959 2129 1045 λέγοιμι,
2148 974 2441 1041 συστρα-

537 1056 778 1129 τιώτου
829 1056 1128 1150 ἀποβολῇ
1165 1050 1563 1149 θαυμαστὸν
1614 1057 1846 1131 οὐδέν·
1910 1062 2145 1149 φέρειν
2194 1056 2270 1127 δὲ
2330 1054 2440 1137 τὰς

539 1187 890 1250 συμφορας
933 1165 1046 1233 καὶ
1088 1162 1167 1233 τὰ
1207 1170 1705 1251 προσπίπτοντα
1756 1170 2037 1253 μετρίως
2079 1158 2441 1247 ὑπομένειν

477 1284 509 1335 5
539 1262 923 1354 ἀνθρώπων
961 1272 1162 1354 ἔργον
1191 1266 1752 1357 σωφρονούντων.
1856 1262 1897 1354 ἡ
1934 1266 2057 1354 μὲν
2093 1290 2222 1353 γαρ
2264 1265 2437 1333 ἐκεί·
2472 1294 2475 1331 ι

535 1396 663 1438 νου
702 1369 922 1457 μνήμη
955 1375 1028 1438 ἔν
1065 1396 1137 1439 τε
1174 1384 1312 1450 τοῖς
1348 1366 1694 1459 ὑμετέροις
1721 1372 2020 1459 στέρνοις
2056 1371 2435 1456 ἐγκείσεται,

538 1485 674 1552 τοῖς
711 1497 784 1541 τε
827 1474 894 1552 ἐς
934 1468 1220 1563 ὕστερον
1258 1473 1798 1562 παραδοθήσεται
1841 1472 2041 1555 δόξαν
2068 1468 2289 1543 ἀίδιον
2320 1472 2438 1559 φέ-

539 1595 752 1664 ρουσα
786 1574 1094 1664 μεγάλων
1125 1603 1196 1646 τε
1241 1578 1353 1645 καὶ
1402 1584 1735 1665 γενναίων
1777 1583 1994 1666 ἔργων
2042 1566 2139 1645 ὦν
2180 1579 2436 1663 ἔδρασε,

540 1684 842 1767 φίλτρων
879 1706 951 1747 τε
995 1681 1108 1748 καὶ
1151 1676 1419 1760 εὐνοίας
1456 1679 1769 1769 καμάτων
1815 1706 1887 1749 τε
1924 1684 2281 1758 κοινωνίας
2332 1683 2438 1763 τῆς

541 1779 706 1871 πρὸς
745 1778 937 1870 ὑμᾶς.
1003 1788 1135 1851 νῦν
1177 1781 1256 1851 δὲ
1288 1782 1549 1872 καιρός,
1592 1782 1990 1871 τιμήσαντας
2026 1777 2116 1863 ὥς
2155 1777 2283 1871 χρὴ
2322 1779 2438 1867 τὴν
2468 1811 2475 1849 ι

540 1885 806 1973 μνήμην
845 1892 966 1955 τοῦ
1005 1882 1577 1974 τετελευτηκότος,
1620 1883 2207 1975 ἀφοσιωσαμένους
2248 1909 2319 1953 τε
2366 1880 2438 1951 τὰ

483 2004 518 2059 6
547 1986 712 2075 πρὸς
753 1991 1044 2075 ἐκεῖνον,
1085 1994 1359 2076 ἔχεσθαι
1409 1996 1547 2059 τῶν
1588 1988 2007 2077 ἐπειγόντων.
2088 1984 2287 2076 ὁρᾶτε
2327 1984 2437 2054 τὸν

536 2090 880 2184 βάρβαρον
906 2093 1245 2181 ἐφεστῶτα
1270 2088 1401 2161 σὺν
1432 2094 1633 2163 παντὶ
1656 2099 1749 2185 τῷ
1776 2098 1891 2180 τῆς
1918 2086 2243 2179 ἀνατολῆς
2274 2088 2439 2175 πλήψ

535 2203 651 2262 θει
669 2244 688 2279 ,
731 2194 844 2263 καὶ
881 2198 1208 2263 δοκοῦντα
1247 2193 1587 2284 πρόφασιν
1626 2192 1909 2283 εὔλογον
1954 2200 2127 2281 ἔχειν
2166 2200 2435 2282 ἔχθρας·

535 2292 724 2381 ἡμεῖς
747 2294 874 2386 γὰρ
901 2292 1111 2365 αὐτὸν
1129 2298 1727 2387 προυκαλεσάμεθα
1746 2296 2434 2386 παρασπονδήσαντες,
2464 2317 2475 2357 5

537 2398 650 2466 καὶ
677 2401 750 2467 ἐν
779 2394 1010 2488 εἰρήνῃ
1036 2406 1285 2490 βαθείᾳ
1316 2400 1607 2489 πόλεμον
1632 2397 2011 2489 ήγείραμεν.
2066 2396 2345 2489 ἤρτηται
2372 2398 2439 2469 δὲ

538 2507 670 2569 νῦν
697 2505 873 2569 πᾶσα
900 2497 942 2589 ἦ
970 2498 1308 2590 Ῥωμαίων
1338 2500 1501 2591 ἀρχή
1529 2509 1644 2593 τῆς
1676 2500 1997 2592 ὑμετέρας
2033 2499 2350 2590 ἀνδρείας
2376 2527 2439 2571 τε

537 2604 650 2672 καὶ
675 2611 956 2685 πίστεως
972 2626 987 2641 ·
1019 2601 1102 2674 οὐ
1129 2603 1256 2696 γὰρ
1288 2607 1441 2696 περὶ
1468 2603 1649 2697 ὅρων
1674 2614 1794 2695 γῆς
1816 2604 1978 2677 οὐδὲ
2004 2610 2307 2697 ῥείθρων
2324 2631 2439 2675 πο-

537 2712 764 2795 ταμῶν
791 2703 832 2795 ἡ
867 2715 1277 2796 φιλονεικία,
1306 2711 1461 2800 περὶ
1486 2717 1607 2781 τοῦ
1632 2708 1877 2791 παντὸς
1902 2712 2015 2798 δέ,
2040 2706 2207 2798 πρὸς
2232 2710 2441 2796 μέγαν

537 2812 846 2899 βασιλέα,
896 2807 1086 2899 ὑπὲρ·
1109 2818 1371 2883 παίδων
1415 2816 1528 2883 καὶ
1577 2819 1961 2901 συγγενῶν,
2014 2807 2132 2892 οὓς
2193 2814 2475 2889 ἐκεῖνοςε

479 2928 510 2984 7
539 2911 786 2995 ἀδίκως
810 2916 923 2983 καὶ
949 2912 1128 3005 παρὰ
1153 2914 1310 2997 τοὺς
1338 2912 1581 3006 ὅρκους
1606 2927 1811 2987 οἴεται
1840 2913 2238 3006 ἀνῃρῆσθαι.
2271 2913 2355 2984 τά
2376 2939 2441 2981 τε

537 3006 665 3085 οὖν
693 3013 864 3086 ὅπλα
892 3017 1369 3106 λαμβάνωμεν,
1402 3022 1515 3089 καὶ
1540 3027 1620 3111 τῇ
1646 3020 1934 3109 συνήθει
1962 3016 2301 3107 Ῥωμαίοις
2330 3012 2440 3087 εὖ·

537 3126 778 3210 κοσμία
822 3120 1228 3207 ταττσόμεθα.
1308 3125 1383 3191 ἐν
1428 3121 1556 3211 γὰρ
1596 3138 1739 3204 ταῖς
1778 3121 2173 3212 παρατάξεσι
2202 3118 2281 3191 τὸ
2324 3118 2440 3208 μὲν

535 3228 672 3289 τῶν
747 3222 1107 3311 βαρβάρων
1167 3219 1453 3294 ἄτακτον
1520 3233 1779 3313 πλῆθος
1842 3225 1956 3295 καὶ
2024 3230 2440 3315 προσκαίρως

535 3317 988 3411 ἠθροισμένον
1041 3321 1204 3393 αὐτὸ
1247 3326 1459 3418 ἑαυτῷ
1500 3337 1659 3409 ἴσως
1696 3324 1934 3415 γένοιτ’
1978 3322 2064 3397 ἂν
2102 3329 2475 3397 ἐναντίονἾ

535 3421 610 3491 τὸ
641 3420 706 3491 δ’
739 3419 1062 3514 ὑμέτερον
1103 3422 1426 3496 εὔτακτόν
1458 3456 1530 3497 τε
1555 3424 1636 3499 ὂν
1661 3432 1774 3499 καὶ
1799 3431 2439 3519 συγκεκροτημένον,

537 3522 701 3607 μετά
738 3550 811 3593 τε
855 3527 1194 3615 ἐμπειρίας
1240 3528 1647 3618 μαχόμενον,
1686 3527 1851 3621 ὑμῖν
1900 3558 1971 3601 τε
2005 3538 2188 3601 ἔσται
2224 3526 2443 3616 σωτή-
