2475 3859
839 116 1289 177 ΔΕΤΤΕΡΟΝ
1482 130 1493 143 ·
1936 116 2017 181 59

91 298 296 359 λευσε
312 340 333 375 ,
377 286 498 375 τήν
521 312 592 355 τε
623 287 691 366 ἐς
717 282 841 375 τὴν
864 283 1118 376 Ῥώμην
1145 290 1375 371 ἔξοδον
1404 286 1782 375 ἐπήγγειλε·
1810 288 2019 379 νομάς

91 420 168 463 τε
215 388 444 471 αὐτοῖς
483 387 714 471 διδοὺς
754 392 866 459 καὶ
913 391 1154 481 ἐφόδια
1202 397 1317 479 τῆς
1362 386 1747 479 ὁδοιπορίας
1785 402 2015 480 εἴχετο.

92 493 407 586 συντόνῳ
451 492 526 563 δὲ
565 498 825 583 σπουδῇ
874 496 988 563 καὶ
1029 500 1363 582 γενναίοις
1407 492 1639 574 πόνοις
1677 493 1801 582 τὴν
1852 492 2017 566 ὁδὸν

94 598 497 685 ἐπετάχυνε,
525 594 686 683 μήτε
713 622 847 667 που
877 600 1386 685 ἐπιδιατρίβων,
1414 596 1577 684 μήτε
1604 596 1839 679 διδούς
1864 626 2018 667 και-

29 736 58 778 ες
100 700 230 790 ρὸν
281 697 696 786 άναπαύλης,
752 706 815 769 εί
863 698 952 789 μὴ
1001 705 1321 770 τοσοῦτον
1364 695 1527 769 ὅσον
1578 697 1813 789 ὀλίγον
1860 699 2018 782 τοὺς

94 802 507 894 στρατιώτας
543 798 1088 883 άναπνεύσαντας
1127 809 1397 890 ἔχεσθαι
1436 809 1551 890 τῆς
1593 800 1782 873 ὁδοῦ.
1840 806 2017 875 ἐκοι-
2050 818 2087 871 2

97 908 310 977 νώνει
337 906 413 977 δὲ
437 912 575 975 τῶν
601 905 912 994 καμάτων
938 901 1184 993 αὐτοῖς,
1197 912 1415 995 σκηνῇ
1439 933 1511 975 τε
1538 906 1875 995 χρεόμενος
1904 904 2023 977 εὗ·-

101 1018 313 1097 τελεῖ,
343 1009 455 1078 καὶ
493 1015 669 1077 σιτία
696 1010 809 1077 καὶ
835 1005 1000 1079 ποτὰ
1028 1008 1574 1097 προσφερόμενος
1608 1004 1715 1079 οἶα
1752 1012 1865 1081 καὶ
1892 1017 2023 1081 πά-

103 1135 220 1183 σιν
249 1108 576 1201 ὑπάρχειν
601 1108 950 1198 ἠπίστατο·
1005 1108 1313 1199 οὐδαμοῦ
1352 1111 1429 1181 δὲ
1452 1110 1723 1204 τρυφὴν
1766 1116 2024 1183 ἐνεδεί-

19 1244 65 1286 no
105 1242 318 1287 κνυτο
345 1212 719 1304 βασιλικήν.
775 1211 944 1283 ὅθεν
971 1216 1084 1283 καὶ
1119 1222 1389 1302 μείζονα
1427 1213 1609 1304 παρὰ
1644 1223 1781 1286 τῶν
1816 1239 2022 1307 στρα-

104 1325 366 1391 τιωτῶν
415 1313 690 1387 εὔνοιαν
741 1316 1172 1387 ἐπιστώσατο·
1229 1313 1315 1387 ού
1380 1316 1507 1407 γὰρ
1560 1318 1770 1407 μόνον
1810 1316 2023 1391 αὐτὸν

103 1426 587 1510 συμπονοῦντα
615 1415 781 1490 ἀλλὰ
801 1422 914 1489 καὶ
930 1426 1068 1489 τῶν
1088 1420 1401 1510 καμάτων
1418 1418 1708 1509 ἄρχοντα
1726 1427 1797 1491 oc
1820 1444 2023 1512 στρα-

103 1531 340 1595 τιῶται
373 1524 761 1611 αἰδούμενοι
793 1520 957 1611 μετὰ
985 1531 1369 1611 προθυμίας
1396 1524 1611 1595 πάντα
1642 1531 1989 1615 ἔπραττον.

315 1623 358 1695 ὃ
394 1627 470 1697 δὲ
508 1625 630 1714 τὴν
666 1634 999 1697 Παιονίαν
1033 1625 1424 1715 διαδραμὼν
1464 1630 1701 1717 ἐπέστη
1730 1644 1865 1709 τοῖς
1904 1635 2021 1717 τῆς
2045 1638 2080 1694 3

29 1755 72 1795 15
99 1728 380 1811 Ἰταλίας
407 1727 607 1819 ὅροις,
627 1732 740 1799 καὶ
763 1728 888 1818 τὴν
915 1728 1146 1818 φήμην
1171 1730 1443 1816 φθάσας
1468 1730 1793 1821 πρότερον
1820 1727 2026 1819 ὤφθη

107 1850 252 1915 τοῖς
289 1837 501 1903 ἐκεῖσε
539 1830 774 1924 παρὼν
813 1829 1126 1921 βασιλεὺς
1163 1827 1207 1920 ἦ
1248 1829 1644 1921 ἀφιξόμενος
1694 1829 2026 1922 ἠκούσθη.

109 1940 266 2018 δέος
315 1964 388 2005 τε
441 1939 610 2026 μέγα
659 1935 775 2015 τὰς
809 1932 1246 2016 Ἰταλιώτιδας
1294 1934 1520 2016 πόλεις
1572 1938 2029 2025 κατελάμβανε

109 2040 636 2126 πυνθανομένας
655 2038 986 2126 τοσαύτην
1005 2043 1255 2126 ἔφοδον
1282 2045 1588 2128 στρατοῦ.
1624 2044 1695 2108 οἱ
1714 2039 1841 2129 γὰρ
1860 2037 2030 2110 κατὰ

109 2140 240 2231 τὴν
278 2139 560 2213 Ἰταλίαν
614 2139 1003 2231 ἅνθρωποι,
1045 2138 1275 2211 ὅπλων
1326 2142 1439 2211 καὶ
1480 2144 1789 2231 πολέμων
1828 2143 2029 2213 πάλαι

29 2284 78 2326 m
113 2244 636 2335 ἀπηλλαγμένοι,
657 2250 949 2335 γεωργίᾳ
973 2246 1088 2313 καὶ
1113 2244 1347 2333 εἰρήνῃ
1370 2261 1740 2333 προσεῖχον.
1776 2249 1843 2327 ἐς
1868 2243 2031 2318 ὅσον
2055 2259 2091 2312 4

115 2351 244 2439 μὲν
285 2346 415 2437 γὰρ
449 2344 580 2417 ὑπὸ
621 2354 1066 2437 δημοκρατίας
1099 2345 1180 2417 τὰ
1213 2344 1553 2436 Ῥωμαίων
1588 2354 1893 2441 διῳκεῖτο
1922 2350 2035 2419 καὶ

114 2450 160 2542 ἦ
204 2451 574 2540 σύγκλητος
620 2454 936 2539 ἐξέπεμπε
973 2448 1128 2531 τοὺς
1171 2447 1253 2519 τὰ
1294 2450 1621 2539 πολεμικὰ
1662 2451 2037 2541 στρατηγή-

115 2577 382 2642 σοντας,
413 2556 490 2623 ἐν
515 2550 743 2635 ὅπλοις
779 2550 1136 2623 Ἰταλιῶται
1159 2553 1404 2633 πάντες
1428 2545 1601 2641 ἦσαν
1630 2557 1742 2626 καὶ
1770 2562 1898 2644 γῆν
1922 2557 2035 2627 καὶ

115 2658 464 2729 θάλατταν
491 2657 879 2745 ἐκτήσαντο,
907 2653 1176 2743 Ἕλλησι
1202 2657 1689 2746 πολεμήσαντες
1729 2661 1843 2727 καὶ
1868 2666 2038 2747 βαρ-

37 2795 87 2835 ‘25
122 2760 390 2851 βάροις·
421 2756 587 2829 οὐδέ
609 2789 673 2830 τι
706 2748 792 2847 ἦν
819 2765 938 2848 γῆς
977 2761 1176 2848 μέρος
1201 2753 1246 2846 ἦ
1282 2764 1484 2847 κλίμα
1523 2756 1824 2845 ούρανοῦ
1865 2757 2036 2831 ὅπου

119 2861 210 2954 μὴ
244 2860 552 2952 Ῥωμαῖοι
589 2860 714 2951 τὴν
753 2858 964 2951 ἀρχὴν
1005 2860 1354 2943 ἐξέτειναν.
1459 2864 1524 2944 ἐξ
1566 2854 1651 2931 οὗ
1690 2862 1765 2932 δὲ
1806 2866 1873 2943 ἐς
1912 2860 2035 2932 τὸν
2058 2878 2092 2931 5

121 2964 476 3055 Σεβαστὸν
502 2972 870 3056 περιῆλθεν
905 2961 946 3053 ἡ
969 2970 1325 3054 μοναρχία,
1361 2958 1724 3046 Ἰταλιώτας
1756 2965 1880 3052 μὲν
1912 2965 2038 3036 πό·-

121 3098 270 3140 νων
301 3066 645 3139 ἀπέπαυσε
669 3069 782 3137 καὶ
808 3075 944 3137 τῶν
975 3064 1203 3137 ὅπλων
1230 3066 1607 3155 ἐγύμνωσε,
1638 3068 1937 3157 φρούρια
1962 3069 2041 3137 δὲ

125 3175 242 3243 καὶ
271 3171 686 3262 στρατόπεδα
711 3177 826 3259 τῆς
864 3165 1068 3262 ἀρχῆς
1095 3170 1546 3262 προυβάλετο,
1577 3170 2043 3259 μισθοφόρους

45 3304 99 3345 ω
133 3278 244 3346 ἐπὶ
297 3279 522 3365 ῥητοῖς
573 3280 970 3361 σιτηρεσίοις
1019 3274 1419 3362 στρατιώτας
1470 3274 2045 3363 καταστησάμενος

133 3376 286 3449 ἀντὶ
315 3385 578 3465 τείχους
603 3382 719 3465 τῆς
748 3372 1086 3465 Ῥωμαίων
1123 3372 1359 3467 ἀρχῆς·
1406 3384 1722 3467 ποταμῶν
1748 3404 1819 3447 τε
1844 3378 2044 3466 μεγέ-

131 3493 292 3553 θεσι
329 3482 444 3551 καὶ
483 3478 762 3570 τάφρων
799 3473 842 3567 ἦ
870 3474 1050 3572 ὀρῶν
1089 3478 1552 3570 προβλήμασιν
1590 3479 1809 3575 ἐρήμφ
1848 3508 1921 3551 τε
1958 3485 2045 3570 γῇ
