2475 3859
919 144 1082 202 ΟΓΔ
1090 144 1140 202 Ο
1151 142 1269 202 ΟΝ
1920 142 2047 204 ’205

129 311 550 404 ἀμυνοῦντες
593 308 848 401 αὐτοῖς,
904 312 1236 402 μαθόντες
1277 318 1349 382 οἰ
1376 315 1853 402 πραιτωριανοὶ
1885 312 2049 402 ἀφι-

129 417 552 505 κνουμένους
577 415 990 505 φονεύουσιν
1026 411 1157 505 ἤδη
1185 422 1323 486 πᾶν
1350 414 1428 486 τὰ
1452 423 1641 506 σῶμα
1668 422 2049 507 λελωβημέ-

128 548 301 601 νους
325 518 482 600 τοὺς
508 521 836 609 βασιλέας.
892 521 1006 589 καὶ
1034 518 1507 601 καταλιπόντες
1532 517 1615 589 τὰ
1638 518 1909 608 σώματα
1935 523 2049 608 ἐρ-

131 624 423 712 ριμμένα
449 625 560 692 ἐπὶ
596 629 713 709 τῆς
744 622 1133 712 λεωφόρου,
1161 618 1483 713 ἀράμενοι
1510 622 1586 692 δὲ
1612 619 1731 692 τὸν
1756 629 2049 714 Γορδια-

79 766 106 806 ⁵
129 725 261 796 νὸν
287 731 594 816 Καίσαρα
621 720 817 814 ὄντα,
847 721 1307 815 αὐτοκράτορά
1344 751 1417 794 τε
1456 720 2047 815 ἀναγορεύσαντες,

129 825 368 917 ἐπειδὴ
405 826 574 916 πρὸς
613 825 691 898 τὸ
718 826 938 918 παρὸν
966 824 1174 898 ἄλλον
1201 823 1327 916 οὐχ
1368 817 1607 918 εὖρον,
1648 832 1936 917 βοῶντές
1978 858 2049 899 τε

129 930 304 1020 πρὸς
327 928 449 1000 τὸν
475 936 688 1021 δῆμον
714 927 816 1001 ὅτι
841 929 971 1018 ἄρα
993 941 1224 1020 εἴησαν
1252 926 1688 1014 ἀπεκτονότες
1714 928 1832 1014 οὓς
1858 928 1893 1002 ὁ
1926 937 2051 1020 δῆ-

129 1061 256 1123 μος
283 1037 360 1104 ἐν
389 1029 558 1125 ἀρχῇ
591 1030 714 1104 οὐκ
741 1033 1052 1123 ἐβούλετο
1081 1030 1295 1122 ἄρξαι,
1321 1034 1697 1122 Γορδιανόν
1722 1061 1795 1104 τε
1820 1037 2049 1105 ἐπελέ-

130 1143 334 1222 ξαντο
359 1139 626 1212 ἐκείνου
651 1164 724 1207 τε
749 1134 1090 1226 ἀπόγονον
1113 1139 1228 1208 καὶ
1248 1132 1329 1208 ὃν
1354 1133 1550 1207 αὐτοὶ
1580 1134 1883 1226 Ῥωμαῖοι
1909 1141 2050 1222 ἐξε-

56 1278 100 1320 10
137 1241 494 1330 βιάσαντο,
525 1245 784 1328 ἔχοντες
812 1237 1023 1311 αὐτὸν
1049 1237 1459 1321 ἀπελθόντες
1492 1243 1559 1322 ἐς
1584 1239 1659 1311 τὸ
1686 1243 2052 1328 στρατόπε-

137 1348 299 1430 δον,
329 1348 842 1432 συγκλείσαντες
873 1342 991 1424 τὰς
1017 1342 1232 1425 πύλας
1258 1340 1604 1433 ἡσύχαζον.
1678 1349 1747 1413 οἱ
1776 1345 1851 1414 δὲ
1877 1353 2051 1432 Γερ-

133 1447 340 1537 μανοὶ
379 1445 712 1534 μαθόντες
747 1442 1210 1536 ἀνῃρημένους
1234 1473 1307 1516 τε
1334 1447 1447 1516 καὶ
1473 1449 1913 1537 ἐρριμμένους
1954 1440 2053 1518 ὦν

132 1550 334 1640 χάριν
362 1545 720 1638 ἠπείγοντο
737 1599 756 1635 ,
785 1546 909 1636 οὐχ
935 1548 1236 1637 ἑλόμενοι
1262 1546 1555 1637 πόλεμον
1581 1549 1861 1639 μάταιον
1878 1548 2051 1638 ὑπὲρ

132 1653 414 1741 ἀνδρῶν
439 1649 898 1740 τεθνηκότων,
939 1655 1327 1740 ἐπανῆλθον
1352 1653 1420 1732 ἐς
1454 1649 1529 1721 τὸ
1556 1653 1817 1722 ἑαυτῶν
1848 1681 2053 1723 κατα-

57 1791 99 1830 15
135 1756 410 1846 γοὶγιον.

343 1859 516 1928 τέλει
541 1856 666 1946 μὲν
688 1853 776 1944 δὴ
799 1883 1083 1949 τοιουτῳ
1125 1854 1483 1945 ἐχρήσαντο
1522 1852 1771 1949 ἀναξίῳ
1808 1884 1881 1925 τε
1918 1851 2051 1944 ἅμα
2074 1867 2115 1921 8

133 1965 254 2034 καὶ
283 1957 533 2030 ἀνοσίω
561 1961 793 2050 σεμνοὶ
820 1960 932 2028 καὶ
961 1958 1169 2048 λόγου
1196 1955 1369 2042 αξιοι
1410 1965 1813 2050 πρεσβῦται,
1854 1956 2051 2046 εὐγε-
2202 1949 2209 1959 ’

135 2082 283 2145 νεῑς
309 2091 382 2134 τε
408 2066 521 2134 καὶ
547 2058 693 2134 κατ’
725 2058 918 2146 ἀξίαν
958 2064 1068 2133 ἐπὶ
1109 2059 1234 2150 τὴν
1278 2056 1489 2150 ἀρχὴν
1526 2061 1955 2152 ἐληλυθότες·
2014 2059 2050 2132 ὁ

139 2169 220 2238 δὲ
247 2165 616 2256 Γορδιανὸς
643 2168 799 2252 περὶ
837 2173 949 2255 ἔτη
979 2191 1114 2236 που
1153 2191 1447 2254 γεγονως
1474 2171 1899 2254 τρισκαίδεκα
1926 2162 2055 2232 αὖ·-

55 2309 104 2349 2⁰
141 2269 487 2362 τοκράτωρ
515 2297 586 2340 τε
615 2265 976 2358 ἀνεδείχθη
1005 2270 1116 2338 καὶ
1141 2266 1269 2356 τὴν
1288 2263 1625 2359 Ῥωμαίων
1651 2265 1863 2358 ἀρχὴν
1894 2265 2053 2340 ἀνε-

140 2377 394 2459 δέξατο.
