2475 3859
1011 186 1355 248 OI'AOON
2022 185 2140 245 197

221 350 623 482 ἡγουμένων
649 361 787 425 τῶν
814 359 1010 428 ἰδίων
1047 362 1473 448 στρατιωτῶν
1514 385 1603 440 ως
1640 353 1993 446 ἀνάνδρως
2024 361 2140 428 καὶ

225 457 552 552 ῥαθύμως
577 463 1168 550 προσφερομένους
1191 468 1275 551 τῇ
1298 466 1699 562 τειχομαχίᾳ.
1754 457 1926 531 οθεν
1950 457 2135 554 αὖτω

223 564 648 651 περιεγένετο
675 561 842 652 πρὸς
871 564 995 653 μὲν
1021 590 1159 634 των
1183 570 1453 634 οἰκείων
1480 563 1669 654 μῖσός
1706 592 1778 635 τε
1804 561 1978 634 καῖ’
1946 564 2133 655 οργή,

222 663 408 754 παρὰ
433 667 510 736 δὲ
535 693 673 736 των
699 662 1084 737 ἀντιπάλων
1110 663 1425 739 πλείων“
1388 695 1431 756 η
1461 667 1974 793 καταφρόνησις.

154 793 184 835 5
427 771 787 857 συνέβαινε
825 769 902 840 δὲ
929 785 1063 852 τοῖς
1096 767 1513 860 Ἀκυλησίοις
1551 771 1769 842 πάντα
1806 767 2135 860 υπάρχειν

221 877 469 942 ἔκπλεα
509 873 626 941 καὶ
664 874 1060 961 ἐπιτηδείων
1098 871 1480 964 ἀφθονίαν,
1522 877 1597 944 ἐκ
1634 879 1881 964 πολλῆς
1916 900 2136 964 παρα-
2174 881 2177 890 “

220 981 468 1064 σκευῆς
502 977 572 1056 ές
609 971 734 1064 τὴν
771 975 972 1046 πόλιν
1009 977 1279 1048 πάντων
1318 979 1843 1067 σεσωρευμένων
1879 972 2003 1048 ὅσα
2046 969 2135 1065 ἦν

219 1075 612 1163 ἀνθρώποις
647 1079 762 1148 καὶ
799 1079 1110 1170 κτήνεσιν
1148 1083 1218 1161 ές
1254 1079 1507 1169 τροφὰς
1545 1082 1657 1150 καὶ
1696 1078 1865 1150 ποτά
1904 1081 2133 1169 ἐπιτή-

221 1186 405 1250 δεια·
461 1177 498 1250 ὁ
527 1179 604 1251 δὲ
629 1181 906 1268 στρατὸς
935 1181 1208 1253 πάντων
1245 1174 1418 1274 <ἦν>
1462 1187 1537 1254 έν
1564 1180 1837 1271 σπάνει,
1881 1190 2019 1253 τῶν
2061 1210 2133 1253 τε

127 1309 182 1350 ιο
221 1282 676 1372 καρποφόρων
703 1287 1007 1377 δένδρων
1033 1288 1539 1375 ἐκκεκομμένων
1568 1289 1683 1356 καὶ
1718 1294 1833 1376 τῆς
1858 1294 1980 1376 γῆς
2004 1282 2124 1356 ὑπ’

219 1382 433 1456 αὐτοῦ
461 1390 904 1477 δεδῃωμένης.
1006 1391 1318 1477 μένοντες
1346 1390 1422 1460 δὲ
1462 1386 1595 1460 ὑπὸ
1624 1406 1901 1480 σκηναῖς
1926 1386 2131 1460 αὐτου
2156 1407 2192 1460 4

219 1494 540 1578 σχεδίοις,
569 1495 642 1559 ot
663 1489 740 1560 δὲ
763 1501 1060 1561 πλεῖστοι
1087 1487 1221 1561 ὑπὸ
1252 1499 1486 1585 γυμνῷ
1515 1498 1608 1585 τῷ
1636 1489 1817 1583 ἀέρι,
1856 1489 2133 1582 ὄμβρων

219 1617 293 1663 τε
325 1593 439 1664 καὶ
463 1589 660 1682 ἡλίου
685 1589 1066 1683 ἠνείχοντο,
1095 1601 1267 1694 λιμω”
1308 1622 1380 1664 τε
1420 1601 1931 1685 διεφθείροντο,
1963 1595 2133 1686 μηδὲ

219 1695 615 1767 ἐπεισάκτου
641 1724 894 1786 τροφης
919 1693 1148 1779 αυτοῖς
1179 1725 1252 1767 τε
1282 1699 1395 1768 καὶ
1424 1693 1811 1786 υποζυγίοις
1839 1705 2133 1788 εἰσκομι-

124 1825 179 1865 15
221 1800 511 1887 ξομένης.
564 1800 990 1888 πανταχόθεν
1027 1799 1155 1892 γὰρ
1182 1799 1297 1882 τὰς
1324 1807 1441 1889 τῆς
1464 1797 1735 1882 Ἰταλίας
1772 1797 1976 1898 ὁδους
2001 1827 2134 1871 πα·

218 1901 672 1990 ραφράξαντες
698 1894 870 1993 ἦσαν
895 1909 966 1973 oc
982 1900 1285 1992 Ῥωμαῖοι
1309 1912 1575 1992 τειχίων
1598 1931 1670 1974 τε
1696 1891 1993 1994 έγέρσεσι
2018 1905 2133 1972 καὶ

217 2009 524 2075 πυλίδων
564 2001 940 2095 ἀσκησεσιν.
1045 2004 1298 2096 ανδρας
1355 2035 1427 2077 τε
1479 2003 1934 2088 υπατευκότας
1986 2009 2186 2090 ἐξέ-5

217 2121 480 2196 πεμψεν
517 2137 560 2198 η
588 2108 956 2198 σύγκλητος
987 2107 1120 2179 σὺν
1148 2111 1511 2193 ἐπιλέκτοις
1551 2112 1665 2180 καὶ
1700 2109 1979 2198 λογάσιν
2016 2105 2125 2179 ἀπ’

207 2207 484 2292 Ἰταλίας
513 2212 724 2301 πάσης
749 2208 1110 2302 ἀνδράσιν,
1153 2208 1245 2282 ἵν’
1290 2219 1591 2302 αἰγιαλοί
1620 2241 1693 2283 τε
1736 2213 1976 2294 πάντες
2014 2214 2129 2283 καὶ

117 2345 182 2385 2⁰
218 2315 482 2401 λιμένες
507 2322 944 2405 φρουρῶνται
973 2317 1086 2386 καὶ
1100 2317 1341 2405 μηδενὶ
1368 2322 1654 2398 ἔκπλους
1681 2323 2126 2406 σνγχωρῆται,

217 2411 308 2496 ὥς
336 2412 598 2486 ἅπυστα
627 2419 740 2487 καὶ
779 2415 1086 2508 ἄγνωστα
1115 2418 1289 2490 εἶναι
1312 2422 1671 2512 Μαξιμίνῳ
1698 2418 1779 2490 τὰ
1806 2424 1881 2491 ἐν
1914 2416 2126 2510 Ῥώμῃ

217 2518 663 2609 πραττόμενα·
691 2525 769 2590 αἳ
788 2549 860 2591 τε
893 2521 1229 2611 λεωφόροι
1266 2517 1415 2592 ὁδοὶ
1456 2524 1569 2592 καὶ
1606 2519 1891 2615 ἀτραποὶ
1915 2532 2125 2594 πᾶσαι

215 2621 664 2712 ἐφυλάττοντο
693 2619 782 2705 ὥς
807 2626 1062 2713 μηδένα
1088 2630 1482 2714 διαβαίνειν.
1523 2629 1880 2717 συνέβαινε
1907 2627 1983 2696 δὲ
2007 2625 2129 2695 τόν

215 2723 504 2815 στρατὸν
541 2730 872 2796 δοκοῦντα
919 2735 1301 2816 πολιορκεῖν
1346 2726 1556 2798 αὐτὸν
1598 2738 2123 2818 πολιορκεῖσθαι,

116 2859 180 2903 25
217 2830 364 2899 ἐπεὶ
387 2827 552 2918 μήτε
576 2827 701 2918 τὴν
725 2826 1084 2918 Ἀκυληίαν
1109 2833 1291 2901 ἑλεῖν
1312 2831 1620 2918 ἐδύνατο,
1649 2832 1811 2921 μήτε
1837 2827 2126 2912 ἀποστὰς

217 2935 486 3002 ἐκεῖθεν
509 2934 620 3003 ἐπὶ
641 2930 766 3022 τὴν
792 2930 1046 3022 Ῥώμην
1068 2941 1366 3022 χωρῆσαι
1392 2934 1507 3004 διά
1534 2961 1605 3003 τε
1622 2940 1797 3004 νεῶν
1823 2935 1935 3004 καὶ
1962 2929 2125 3022 ὀχη-

215 3033 444 3123 μάτων
471 3032 794 3125 ἀπορίαν’
825 3034 1088 3108 ἅπαντα
1099 3034 1226 3125 γὰρ
1260 3042 1785 3126 προκατείληπτο
1812 3038 1926 3106 καὶ
1952 3061 2123 3106 συν-

215 3139 609 3208 εκέκλειστο.
713 3147 928 3228 φῆμαι
965 3139 1041 3210 δὲ
1079 3146 1342 3229 μείζους
1380 3141 1447 3222 ἐξ
1484 3135 1777 3222 ὑποψίας
1802 3136 2125 3229 ἀληθείας
2150 3159 2186 3215 6

214 3246 628 3330 διεδίδοντο,
669 3237 772 3312 ὅτι
823 3247 952 3324 πᾶς
1003 3239 1040 3313 ὁ
1095 3248 1303 3331 δῆμος
1344 3238 1381 3312 ὁ
1415 3238 1753 3330 Ῥωμαίων
1781 3245 1857 3313 έν
1900 3240 2127 3323 ὅπλοις

117 3369 182 3411 ³⁰
220 3353 358 3433 εἴη,
393 3341 634 3416 Ἰταλία
682 3372 754 3415 τε
791 3353 970 3415 πᾶσα
1015 3344 1549 3434 συμπεπνεύκοι,
1589 3344 1807 3416 πάντα
1843 3373 1916 3415 τε
1954 3351 2125 3434 ἔθνη

207 3444 542 3537 Ἰλλυρικά
561 3449 668 3517 καὶ
690 3447 996 3539 βάρβαρα
1022 3448 1102 3518 τά
1127 3476 1200 3518 τε
1225 3444 1334 3518 ὑπ’
1368 3444 1718 3530 ἀνατολαῖς
1741 3449 1855 3518 καὶ
1871 3469 2126 3538 μεσημ-

213 3555 439 3641 βρίαις
461 3549 749 3641 στρατὸν
777 3548 1054 3640 ἀγείροι,
1071 3558 1194 3644 μιᾷ
1211 3579 1282 3622 τε
1300 3551 1533 3644 γνώμῃ
1550 3553 1662 3624 καὶ
1686 3557 1869 3644 ψυχῇ
1886 3548 2127 3643 ὁμοίως
