2475 3859
965 163 1319 223 ΠΡΩΤΟΝ
2056 162 2095 221 5

175 337 350 428 μήτε
382 333 718 427 Ἑλλήνων
766 332 1288 404 ἀπολείπεσθαι·
1346 339 1539 423 δηλοῖ
1590 333 1666 404 δὲ
1714 330 1839 403 ὅσα
1876 335 1991 405 καὶ
2031 336 2101 415 ἐς

175 438 354 532 ἡμᾶς
410 433 628 531 ἦλθεν
681 435 725 530 ἢ
781 440 1108 527 λεχθέντα
1157 434 1325 527 πρὸς
1374 435 1587 508 αὐτοῦ
1635 431 1679 527 ἢ
1730 439 2094 528 γραφέντα.

178 560 458 637 παρεῖχε
488 544 562 613 δὲ
588 546 864 623 καὶτοῖς
882 537 1271 631 ἀρχομένοις
1287 539 1527 613 ἑαυτὸν
1554 542 1949 631 ἐπιεικῆκαὶ
1973 543 2089 629 μέ-
2120 554 2157 607 4

175 676 374 737 τριον
413 648 722 737 βασιλέα,
763 644 920 725 τούς
955 673 1030 715 τε
1055 644 1451 735 προσιόντας
1494 644 1934 734 δεξιούμενος,
1960 671 2093 713 κω-

107 782 142 823 5
179 752 376 822 λύων
401 778 474 821 τε
501 748 655 833 τούς
681 751 834 840 περὶ
861 744 1068 818 αὐτὸν
1095 746 1521 839 δορυφόρους
1558 745 1919 837 ἀποσοβεῖν
1940 745 2103 827 τοὺς

177 854 728 943 ἐντυγχάνοντας.
809 851 1011 942 μόνος
1053 880 1126 922 τε
1169 854 1505 939 βασιλέων
1558 858 1967 941 φιλοσοφίαν
2014 848 2099 921 οὐ

177 959 406 1045 λόγοις
447 956 608 1029 οὐδὲ
649 956 1002 1045 δογμάτων
1045 954 1334 1043 γνώσεσι
1351 1005 1370 1042 ,
1411 961 1634 1049 σεμνῷ
1674 952 1738 1026 δ’
1782 950 1943 1045 ἤθει
1982 955 2099 1023 καὶ

177 1062 484 1150 σώφρονι
524 1069 651 1155 βίω
696 1058 1122 1131 ἐπιστώσατο.
1197 1058 1375 1128 πολύ
1408 1086 1482 1129 τε
1520 1064 1782 1147 πλῆθος
1822 1055 2097 1148 ἀνδρῶν

178 1169 418 1253 σοφών
447 1162 690 1255 ἤνεγκε
712 1170 851 1233 τών
877 1166 1144 1233 ἐκείνου
1169 1167 1429 1252 καιρῶν
1453 1158 1496 1253 ἡ
1521 1162 1699 1253 φορά
1714 1183 1730 1200 ·
1760 1171 1948 1251 φιλεῖ
1968 1160 2098 1251 γάρ

81 1294 142 1334 ιο
180 1296 326 1348 πως
364 1264 469 1338 ἀεὶ
507 1266 584 1337 τὸ
621 1263 924 1357 ὑπήκοον
965 1266 1134 1360 ζήλῳ
1163 1271 1279 1355 τῆς
1314 1271 1439 1336 τοῦ
1478 1263 1795 1357 ἄρχοντος
1831 1263 2101 1361 γνώμης
2201 1279 2207 1285 ’

179 1376 402 1461 βιοῦν.

385 1470 510 1543 ὅσα
572 1474 700 1563 μὲν
761 1463 890 1543 οὖν
939 1474 1175 1564 ἐκείνω
1225 1472 1601 1561 πέπρακται
1648 1466 1929 1562 άνδρετα
1987 1472 2101 1540 καὶ
2123 1476 2156 1529 ⁵

180 1578 504 1667 σώφρονα
519 1628 538 1663 ,
593 1574 1042 1667 στρατηγικὴν
1077 1568 1121 1664 ἦ
1162 1572 1515 1664 πολιτικὴν
1556 1571 1803 1663 ἀρετὴν
1842 1581 2098 1663 ἔχοντα,

181 1680 350 1771 πρός
373 1708 445 1749 τε
471 1677 627 1760 τούς
653 1677 734 1749 τά
759 1678 1025 1771 ἆρκτῷα
1051 1681 1168 1767 τῆς
1191 1682 1315 1765 γῆς
1340 1684 1511 1765 ἔθνη
1537 1676 1845 1766 βάρβαρα
1868 1705 2095 1749 κατοι-

89 1810 146 1853 ιῦ
185 1788 473 1862 κοῦντας
500 1783 663 1872 πρός
689 1810 762 1851 τε
788 1778 942 1862 τούς
967 1776 1102 1850 ὑπὸ
1120 1795 1265 1859 ταῖς
1282 1776 1634 1859 ἀνατολαῖς
1660 1783 2101 1869 ποιουμένους

182 1884 302 1956 τὸν
338 1893 526 1974 βίον,
555 1894 824 1965 πολλοῖς
861 1886 976 1953 καὶ
999 1897 1234 1971 σοφοῖς
1260 1879 1543 1972 ἀνδράσι
1571 1884 2098 1973 συγγέγραπται·

183 1986 228 2059 ἃ
270 1989 346 2059 δὲ
398 1986 563 2078 μετὰ
601 1987 727 2078 τὴν
775 1988 1070 2078 Μάρκου
1109 1982 1434 2073 τελευτὴν
1484 1982 1666 2075 παρὰ
1714 1984 1933 2055 πάντα
1982 1982 2101 2056 τὸν

183 2096 476 2183 ἐμαυτοῦ
521 2098 676 2181 βίον
730 2090 918 2161 εἶδόν
951 2118 1025 2161 τε
1069 2090 1182 2159 καὶ
1221 2086 1479 2177 ἤκουσα
1496 2140 1514 2174 ,
1558 2094 1698 2158 ἔστι
1736 2085 1803 2159 δ’
1852 2116 1951 2158 ων
1986 2090 2102 2158 καὶ

185 2204 384 2288 πείρᾳ
412 2198 729 2285 μετέσχον
756 2197 831 2264 ἐν
856 2203 1232 2284 βασιλικαῖς
1258 2185 1307 2280 ἢ
1337 2196 1683 2281 δημοσίαις
1707 2188 2103 2283 ὑπηρεσίαις

95 2330 152 2373 2⁰
185 2300 562 2388 γενόμενος,
591 2304 800 2369 ταῦτα
827 2300 1236 2387 συνέγραψα.

383 2400 668 2493 γηραιὸν
693 2400 854 2473 ὄντα
893 2401 1219 2493 Μάρκον,
1248 2400 1363 2469 καὶ
1398 2397 1489 2488 μὴ
1528 2399 1741 2489 μόνον
1774 2394 1900 2488 ὑφ’
1944 2394 2091 2489 ἡλι-
2118 2398 2155 2460 3

183 2514 331 2587 κίας
367 2503 538 2577 ἄλλα
587 2504 902 2595 καμάτοις
942 2532 1016 2574 τε
1059 2504 1173 2573 καὶ
1213 2510 1527 2591 φροντίσι
1570 2504 2098 2593 τετρυχωμένον,

77 2647 85 2655 ·
187 2608 614 2701 διατρίβοντα
638 2636 712 2678 τε
751 2612 828 2679 ἐν
851 2616 1096 2678 Παίοσι
1113 2659 1131 2693 ,
1159 2605 1359 2685 νόσος
1380 2605 1633 2695 χαλεπὴ
1672 2606 2097 2696 καταλαμβά-

186 2740 307 2782 νει.
361 2715 508 2783 ἐπεὶ
536 2712 611 2782 δὲ
635 2707 820 2806 αὐτῷ
843 2710 961 2791 τὰς
987 2708 1152 2801 πρὸς
1177 2716 1519 2798 σωτηρίαν
1534 2712 1809 2789 ἐλπίδας
1826 2710 2101 2797 φαύλως

103 2836 160 2879 25
191 2822 364 2903 ἔχειν
385 2812 824 2902 ὑπώπτευεν,
864 2814 1040 2906 ἑώρα
1081 2842 1154 2883 τε
1189 2809 1313 2883 τὸν
1346 2818 1557 2883 παῖδα
1578 2818 1695 2901 τῆς
1735 2819 2101 2902 μειρακίων

188 2914 443 3007 ἡλικίας
469 2918 842 3009 ἀρχόμενον
855 2921 1255 3008 ἐπιβαίνειν,
1272 2912 1513 2996 δεδιώς
1524 2912 1615 3005 μὴ
1628 2914 1861 3003 νεότης
1886 2911 2096 3003 ἀκμά-

187 3030 386 3107 ζουσα
409 3026 523 3092 καὶ
550 3026 625 3093 ἐν
649 3020 947 3115 ὀρφανίᾳ
973 3026 1283 3105 ἐξουσίαν
1300 3016 1757 3109 αὐτοκράτορα
1780 3018 1895 3085 καὶ
1920 3014 2099 3089 ἀκώ-

188 3136 391 3207 λυτον
433 3130 908 3217 προσλαβοῦσα
934 3123 1353 3215 μαθημάτων
1378 3122 1502 3211 μὲν
1536 3126 1763 3191 καλῶν
1798 3120 1915 3189 καὶ
1952 3122 2099 3193 ἐπι-

188 3227 620 3318 τηδευμάτων
645 3226 1008 3318 ἀφηνιάσῃ,
1030 3230 1272 3317 μέθαις
1299 3226 1374 3294 δὲ
1392 3227 1507 3294 καὶ
1530 3222 1927 3314 κραιπάλαις
1954 3226 2098 3293 ἐπι-

112 3364 164 3405 3ο
199 3340 290 3427 δῷ
330 3331 578 3421 ἑαυτήν
620 3335 858 3423 (ῥᾷστα
888 3329 1016 3422 γὰρ
1044 3335 1120 3400 αἱ
1137 3335 1277 3399 τῶν
1300 3329 1478 3398 νέων
1500 3328 1711 3415 ψυχαὶ
1749 3329 1817 3408 ἐς
1853 3322 2101 3417 ἡδονὰς

195 3439 766 3519 ἐξολισθαίνουσαι
805 3432 936 3505 ἀπὸ
960 3439 1098 3505 τών
1126 3438 1435 3512 παιδείας
1460 3435 1689 3501 καλῶν
1713 3428 2097 3520 μετοχετεύ·

197 3546 404 3626 ονται)
420 3591 438 3625 ,
479 3534 589 3609 οἷα
629 3536 713 3627 δὴ
756 3535 972 3627 ἄνδρα
1023 3544 1432 3625 πολυΐστορα
1472 3534 1755 3625 μάλιστα
1792 3534 2099 3627 ἐτάραττε
2122 3544 2157 3596 2
