<?xml version="1.0" encoding="UTF-8"?>
<!DOCTYPE html PUBLIC "-//W3C//DTD XHTML 1.0 Transitional//EN"
    "http://www.w3.org/TR/xhtml1/DTD/xhtml1-transitional.dtd">
<html xmlns="http://www.w3.org/1999/xhtml" xml:lang="en" lang="en">
 <head>
  <title>
</title>
<meta http-equiv="Content-Type" content="text/html;charset=utf-8" />
  <meta name='ocr-system' content='tesseract 3.04.00' />
  <meta name='ocr-capabilities' content='ocr_page ocr_carea ocr_par ocr_line ocrx_word'/>
</head>
<body>
  <div class='ocr_page' id='page_1' title='image "./herodianiabexce00bekkgoog_0043.png"; bbox 0 0 2475 3859; ppageno 0'>
   <div class='ocr_carea' id='block_1_1' title="bbox 935 76 2058 178">
    <p class='ocr_par' dir='ltr' id='par_1_1' title="bbox 935 76 2058 178">
     <span class='ocr_line' id='line_1_1' title="bbox 935 76 2058 178; baseline 0.003 -3"><span class='ocrx_word' id='word_1_1' title='bbox 935 115 1289 177; x_wconf 68' lang='grc' dir='ltr'><em>ΠΡΩΤοΝ</em></span> <span class='ocrx_word' id='word_1_2' title='bbox 1452 76 1457 81; x_wconf 65' lang='grc'><em>’</em></span> <span class='ocrx_word' id='word_1_3' title='bbox 1985 117 2058 178; x_wconf 88' lang='lat'><em>31</em></span> 
     </span>
    </p>
   </div>
   <div class='ocr_carea' id='block_1_2' title="bbox 63 287 2162 3585">
    <p class='ocr_par' dir='ltr' id='par_1_2' title="bbox 63 287 2162 3585">
     <span class='ocr_line' id='line_1_2' title="bbox 125 287 2063 384; baseline 0 -24"><span class='ocrx_word' id='word_1_4' title='bbox 125 298 312 360; x_wconf 79' lang='grc' dir='ltr'><em>θασι</em></span> <span class='ocrx_word' id='word_1_5' title='bbox 353 287 700 377; x_wconf 78' lang='grc' dir='ltr'><em>βασιλικὰς</em></span> <span class='ocrx_word' id='word_1_6' title='bbox 735 291 850 358; x_wconf 87' lang='grc' dir='ltr'><em>καὶ</em></span> <span class='ocrx_word' id='word_1_7' title='bbox 889 287 1240 384; x_wconf 73' lang='grc' dir='ltr'><em>πατρῴους</em></span> <span class='ocrx_word' id='word_1_8' title='bbox 1279 296 1756 379; x_wconf 69' lang='grc' dir='ltr'><em>προσηγορίας,</em></span> <span class='ocrx_word' id='word_1_9' title='bbox 1798 288 1947 360; x_wconf 76' lang='grc' dir='ltr'><em>ἀντὶ</em></span> <span class='ocrx_word' id='word_1_10' title='bbox 1988 292 2063 361; x_wconf 80' lang='grc' dir='ltr'><em>δὲ</em></span> 
     </span>
     <span class='ocr_line' id='line_1_3' title="bbox 128 388 1811 483; baseline -0.001 -20"><span class='ocrx_word' id='word_1_11' title='bbox 128 397 575 483; x_wconf 79' lang='grc' dir='ltr'><strong><em>Γερμανικοῦ</em></strong></span> <span class='ocrx_word' id='word_1_12' title='bbox 592 388 1053 481; x_wconf 84' lang='grc' dir='ltr'><em>“μονομάχους</em></span> <span class='ocrx_word' id='word_1_13' title='bbox 1077 399 1334 481; x_wconf 80' lang='grc' dir='ltr'><strong><em>χιλίους</em></strong></span> <span class='ocrx_word' id='word_1_14' title='bbox 1362 390 1811 482; x_wconf 82' lang='grc' dir='ltr'><em>νικήσαντος.”</em></span> 
     </span>
     <span class='ocr_line' id='line_1_4' title="bbox 353 493 2162 587; baseline 0.001 -22"><span class='ocrx_word' id='word_1_15' title='bbox 353 502 492 566; x_wconf 81' lang='grc' dir='ltr'><em>ἔδει</em></span> <span class='ocrx_word' id='word_1_16' title='bbox 523 496 597 565; x_wconf 77' lang='grc' dir='ltr'><em>δὲ</em></span> <span class='ocrx_word' id='word_1_17' title='bbox 625 494 752 587; x_wconf 79' lang='grc' dir='ltr'><em>ἄρα</em></span> <span class='ocrx_word' id='word_1_18' title='bbox 780 496 939 566; x_wconf 75' lang='grc' dir='ltr'><em>ποτὲ</em></span> <span class='ocrx_word' id='word_1_19' title='bbox 967 493 1284 583; x_wconf 76' lang='grc' dir='ltr'><em>κάκεῖνον</em></span> <span class='ocrx_word' id='word_1_20' title='bbox 1310 495 1699 567; x_wconf 89' lang='grc' dir='ltr'><em>παύσασθαι</em></span> <span class='ocrx_word' id='word_1_21' title='bbox 1728 498 2062 585; x_wconf 83' lang='grc' dir='ltr'><strong><em>μεμηνότα</em></strong></span> <span class='ocrx_word' id='word_1_22' title='bbox 2085 501 2162 561; x_wconf 79' lang='grc'><em>16</em></span> 
     </span>
     <span class='ocr_line' id='line_1_5' title="bbox 125 595 2063 690; baseline 0.002 -23"><span class='ocrx_word' id='word_1_23' title='bbox 125 601 258 668; x_wconf 85' lang='grc' dir='ltr'><em>καὶ</em></span> <span class='ocrx_word' id='word_1_24' title='bbox 295 597 420 689; x_wconf 85' lang='grc' dir='ltr'><em>τὴν</em></span> <span class='ocrx_word' id='word_1_25' title='bbox 459 595 796 687; x_wconf 87' lang='grc' dir='ltr'><em>Ῥωμαίων</em></span> <span class='ocrx_word' id='word_1_26' title='bbox 837 597 1048 689; x_wconf 78' lang='grc' dir='ltr'><em>ἀρχὴν</em></span> <span class='ocrx_word' id='word_1_27' title='bbox 1085 602 1657 689; x_wconf 80' lang='grc' dir='ltr'><em>τυραννουμένην.</em></span> <span class='ocrx_word' id='word_1_28' title='bbox 1737 603 1897 670; x_wconf 84' lang='grc' dir='ltr'><em>νέου</em></span> <span class='ocrx_word' id='word_1_29' title='bbox 1940 601 2063 690; x_wconf 77' lang='grc' dir='ltr'><em>μὲν</em></span> 
     </span>
     <span class='ocr_line' id='line_1_6' title="bbox 63 699 2063 793; baseline 0.002 -23"><span class='ocrx_word' id='word_1_30' title='bbox 63 740 92 780; x_wconf 71' lang='grc' dir='ltr'><em>ις</em></span> <span class='ocrx_word' id='word_1_31' title='bbox 128 701 273 793; x_wconf 72' lang='grc' dir='ltr'><em>γὰρ</em></span> <span class='ocrx_word' id='word_1_32' title='bbox 319 709 509 783; x_wconf 77' lang='grc' dir='ltr'><em>ἔτους</em></span> <span class='ocrx_word' id='word_1_33' title='bbox 546 708 661 791; x_wconf 86' lang='grc' dir='ltr'><em>τῆς</em></span> <span class='ocrx_word' id='word_1_34' title='bbox 704 703 1018 791; x_wconf 79' lang='grc' dir='ltr'><em>ἐπιούσης</em></span> <span class='ocrx_word' id='word_1_35' title='bbox 1062 710 1339 792; x_wconf 85' lang='grc' dir='ltr'><em>ἔμελλεν</em></span> <span class='ocrx_word' id='word_1_36' title='bbox 1376 699 1623 793; x_wconf 80' lang='grc' dir='ltr'><em>ἡμέρας</em></span> <span class='ocrx_word' id='word_1_37' title='bbox 1647 742 1751 755; x_wconf 88' lang='lat'><em>—-</em></span> <span class='ocrx_word' id='word_1_38' title='bbox 1789 708 2063 792; x_wconf 84' lang='grc' dir='ltr'><em>σέβουσι</em></span> 
     </span>
     <span class='ocr_line' id='line_1_7' title="bbox 130 802 2059 897; baseline 0.001 -21"><span class='ocrx_word' id='word_1_39' title='bbox 130 807 218 876; x_wconf 77' lang='grc' dir='ltr'><em>δὲ</em></span> <span class='ocrx_word' id='word_1_40' title='bbox 247 804 374 894; x_wconf 87' lang='grc' dir='ltr'><em>τὴν</em></span> <span class='ocrx_word' id='word_1_41' title='bbox 404 804 643 897; x_wconf 79' lang='grc' dir='ltr'><em>ἑορτὴν</em></span> <span class='ocrx_word' id='word_1_42' title='bbox 671 802 972 895; x_wconf 89' lang='grc' dir='ltr'><em>Ῥωμαῖοι</em></span> <span class='ocrx_word' id='word_1_43' title='bbox 1002 810 1067 887; x_wconf 84' lang='grc' dir='ltr'><em>ἐς</em></span> <span class='ocrx_word' id='word_1_44' title='bbox 1092 804 1263 877; x_wconf 83' lang='grc' dir='ltr'><em>θεὸν</em></span> <span class='ocrx_word' id='word_1_45' title='bbox 1291 804 1725 896; x_wconf 80' lang='grc' dir='ltr'><em>ἀρχαιότατον</em></span> <span class='ocrx_word' id='word_1_46' title='bbox 1750 813 1866 897; x_wconf 89' lang='grc' dir='ltr'><em>τῆς</em></span> <span class='ocrx_word' id='word_1_47' title='bbox 1898 806 2059 877; x_wconf 85' lang='grc' dir='ltr'><em>Ἰτα-</em></span> 
     </span>
     <span class='ocr_line' id='line_1_8' title="bbox 128 908 2064 1001; baseline 0.001 -23"><span class='ocrx_word' id='word_1_48' title='bbox 128 916 290 989; x_wconf 87' lang='grc' dir='ltr'><em>λίας</em></span> <span class='ocrx_word' id='word_1_49' title='bbox 345 910 700 998; x_wconf 78' lang='grc' dir='ltr'><em>ἐπιχώριον</em></span> <span class='ocrx_word' id='word_1_50' title='bbox 753 908 1235 1001; x_wconf 75' lang='grc' dir='ltr'><em>ἀναφέροντες·</em></span> <span class='ocrx_word' id='word_1_51' title='bbox 1293 912 1457 997; x_wconf 82' lang='grc' dir='ltr'><em>φασὶ</em></span> <span class='ocrx_word' id='word_1_52' title='bbox 1509 908 1636 1000; x_wconf 77' lang='grc' dir='ltr'><em>γὰρ</em></span> <span class='ocrx_word' id='word_1_53' title='bbox 1692 908 1899 980; x_wconf 84' lang='grc' dir='ltr'><em>αὐτοῦ</em></span> <span class='ocrx_word' id='word_1_54' title='bbox 1952 914 2064 980; x_wconf 82' lang='grc' dir='ltr'><em>καὶ</em></span> 
     </span>
     <span class='ocr_line' id='line_1_9' title="bbox 127 1009 2063 1103; baseline 0.001 -21"><span class='ocrx_word' id='word_1_55' title='bbox 127 1012 433 1101; x_wconf 88' lang='grc' dir='ltr'><em>Κρόνον,</em></span> <span class='ocrx_word' id='word_1_56' title='bbox 461 1009 594 1083; x_wconf 78' lang='grc' dir='ltr'><em>ὑπὸ</em></span> <span class='ocrx_word' id='word_1_57' title='bbox 619 1011 787 1094; x_wconf 83' lang='grc' dir='ltr'><em>Διὸς</em></span> <span class='ocrx_word' id='word_1_58' title='bbox 814 1016 1228 1102; x_wconf 79' lang='grc' dir='ltr'><em>ἐκβληθέντα</em></span> <span class='ocrx_word' id='word_1_59' title='bbox 1254 1018 1369 1102; x_wconf 87' lang='grc' dir='ltr'><em>τῆς</em></span> <span class='ocrx_word' id='word_1_60' title='bbox 1396 1011 1619 1103; x_wconf 82' lang='grc' dir='ltr'><em>ἀρχῆς,</em></span> <span class='ocrx_word' id='word_1_61' title='bbox 1648 1015 2063 1084; x_wconf 81' lang='grc' dir='ltr'><em>κατελθόντα</em></span> 
     </span>
     <span class='ocr_line' id='line_1_10' title="bbox 132 1115 2062 1205; baseline 0.002 -20"><span class='ocrx_word' id='word_1_62' title='bbox 132 1118 206 1195; x_wconf 81' lang='grc' dir='ltr'><em>ἐς</em></span> <span class='ocrx_word' id='word_1_63' title='bbox 248 1120 380 1204; x_wconf 78' lang='grc' dir='ltr'><em>γῆν</em></span> <span class='ocrx_word' id='word_1_64' title='bbox 425 1121 745 1204; x_wconf 76' lang='grc' dir='ltr'><em>γενέσθαι</em></span> <span class='ocrx_word' id='word_1_65' title='bbox 791 1120 1016 1203; x_wconf 81' lang='grc' dir='ltr'><em>ξένον,</em></span> <span class='ocrx_word' id='word_1_66' title='bbox 1065 1116 1335 1187; x_wconf 80' lang='grc' dir='ltr'><em>δεδιότα</em></span> <span class='ocrx_word' id='word_1_67' title='bbox 1374 1118 1451 1185; x_wconf 75' lang='grc' dir='ltr'><em>δὲ</em></span> <span class='ocrx_word' id='word_1_68' title='bbox 1496 1115 1619 1205; x_wconf 88' lang='grc' dir='ltr'><em>τὴν</em></span> <span class='ocrx_word' id='word_1_69' title='bbox 1662 1123 1783 1187; x_wconf 81' lang='grc' dir='ltr'><em>τοῦ</em></span> <span class='ocrx_word' id='word_1_70' title='bbox 1824 1116 2062 1197; x_wconf 82' lang='grc' dir='ltr'><em>παιδὸς</em></span> 
     </span>
     <span class='ocr_line' id='line_1_11' title="bbox 64 1217 2061 1313; baseline 0.003 -28"><span class='ocrx_word' id='word_1_71' title='bbox 64 1250 98 1289; x_wconf 83' lang='grc' dir='ltr'><em>,ο</em></span> <span class='ocrx_word' id='word_1_72' title='bbox 135 1225 552 1290; x_wconf 81' lang='grc' dir='ltr'><em>δυναστείαν</em></span> <span class='ocrx_word' id='word_1_73' title='bbox 605 1217 763 1309; x_wconf 88' lang='grc' dir='ltr'><em>παρ’</em></span> <span class='ocrx_word' id='word_1_74' title='bbox 821 1218 1006 1313; x_wconf 75' lang='grc' dir='ltr'><em>αὐτῷ</em></span> <span class='ocrx_word' id='word_1_75' title='bbox 1056 1219 1523 1310; x_wconf 80' lang='grc' dir='ltr'><em>κρυπτόμενον</em></span> <span class='ocrx_word' id='word_1_76' title='bbox 1566 1230 1837 1290; x_wconf 77' lang='grc' dir='ltr'><em>λαθεῖν·</em></span> <span class='ocrx_word' id='word_1_77' title='bbox 1894 1218 2061 1291; x_wconf 80' lang='grc' dir='ltr'><em>ὅθεν</em></span> 
     </span>
     <span class='ocr_line' id='line_1_12' title="bbox 132 1319 2061 1416; baseline 0.002 -26"><span class='ocrx_word' id='word_1_78' title='bbox 132 1325 255 1391; x_wconf 86' lang='grc' dir='ltr'><em>καὶ</em></span> <span class='ocrx_word' id='word_1_79' title='bbox 282 1319 360 1391; x_wconf 83' lang='grc' dir='ltr'><em>τὸ</em></span> <span class='ocrx_word' id='word_1_80' title='bbox 397 1321 606 1412; x_wconf 81' lang='grc' dir='ltr'><em>ὄνομα</em></span> <span class='ocrx_word' id='word_1_81' title='bbox 647 1328 936 1412; x_wconf 88' lang='grc' dir='ltr'><em>δοθῆναι</em></span> <span class='ocrx_word' id='word_1_82' title='bbox 975 1329 1068 1415; x_wconf 77' lang='grc' dir='ltr'><em>τῷ</em></span> <span class='ocrx_word' id='word_1_83' title='bbox 1108 1321 1303 1416; x_wconf 74' lang='grc' dir='ltr'><em>χώρῳ</em></span> <span class='ocrx_word' id='word_1_84' title='bbox 1344 1328 1460 1412; x_wconf 89' lang='grc' dir='ltr'><em>τῆς</em></span> <span class='ocrx_word' id='word_1_85' title='bbox 1494 1320 1769 1403; x_wconf 84' lang='grc' dir='ltr'><em>Ἰταλίας</em></span> <span class='ocrx_word' id='word_1_86' title='bbox 1808 1325 2061 1396; x_wconf 89' lang='grc' dir='ltr'><em>Λάτιόν</em></span> 
     </span>
     <span class='ocr_line' id='line_1_13' title="bbox 131 1422 2057 1517; baseline 0.002 -22"><span class='ocrx_word' id='word_1_87' title='bbox 131 1453 210 1495; x_wconf 87' lang='grc' dir='ltr'><em>τε</em></span> <span class='ocrx_word' id='word_1_88' title='bbox 239 1432 612 1515; x_wconf 87' lang='grc' dir='ltr'><em>κληθῆναι,</em></span> <span class='ocrx_word' id='word_1_89' title='bbox 641 1424 772 1497; x_wconf 78' lang='grc' dir='ltr'><em>ἀπὸ</em></span> <span class='ocrx_word' id='word_1_90' title='bbox 809 1432 925 1515; x_wconf 82' lang='grc' dir='ltr'><em>τῆς</em></span> <span class='ocrx_word' id='word_1_91' title='bbox 953 1422 1265 1506; x_wconf 79' lang='grc' dir='ltr'><em>Ἑλλάδος</em></span> <span class='ocrx_word' id='word_1_92' title='bbox 1290 1433 1524 1515; x_wconf 84' lang='grc' dir='ltr'><em>φωνῆς</em></span> <span class='ocrx_word' id='word_1_93' title='bbox 1551 1430 1617 1507; x_wconf 84' lang='grc' dir='ltr'><em>ἐς</em></span> <span class='ocrx_word' id='word_1_94' title='bbox 1653 1426 1777 1517; x_wconf 80' lang='grc' dir='ltr'><em>τὴν</em></span> <span class='ocrx_word' id='word_1_95' title='bbox 1818 1428 2057 1517; x_wconf 74' lang='grc' dir='ltr'><em>ἐπιχώ-</em></span> 
     </span>
     <span class='ocr_line' id='line_1_14' title="bbox 129 1528 2122 1619; baseline -0.001 -20"><span class='ocrx_word' id='word_1_96' title='bbox 129 1558 292 1619; x_wconf 89' lang='grc' dir='ltr'><em>ριον</em></span> <span class='ocrx_word' id='word_1_97' title='bbox 319 1533 689 1619; x_wconf 79' lang='grc' dir='ltr'><em>παραχθέν.</em></span> <span class='ocrx_word' id='word_1_98' title='bbox 797 1528 910 1599; x_wconf 81' lang='grc' dir='ltr'><em>διὰ</em></span> <span class='ocrx_word' id='word_1_99' title='bbox 952 1531 1161 1599; x_wconf 81' lang='grc' dir='ltr'><em>ταῦτά</em></span> <span class='ocrx_word' id='word_1_100' title='bbox 1200 1558 1302 1598; x_wconf 93' lang='grc' dir='ltr'><em>τοι</em></span> <span class='ocrx_word' id='word_1_101' title='bbox 1341 1533 1454 1599; x_wconf 77' lang='grc' dir='ltr'><em>καὶ</em></span> <span class='ocrx_word' id='word_1_102' title='bbox 1497 1534 1686 1618; x_wconf 79' lang='grc' dir='ltr'><em>μέχρι</em></span> <span class='ocrx_word' id='word_1_103' title='bbox 1728 1538 1859 1601; x_wconf 80' lang='grc' dir='ltr'><em>νῦν</em></span> <span class='ocrx_word' id='word_1_104' title='bbox 1894 1530 2055 1601; x_wconf 82' lang='grc' dir='ltr'><em>Ἰτα-</em></span> <span class='ocrx_word' id='word_1_105' title='bbox 2088 1548 2122 1598; x_wconf 83' lang='lat'><strong>2</strong></span> 
     </span>
     <span class='ocr_line' id='line_1_15' title="bbox 129 1631 2060 1726; baseline 0.002 -24"><span class='ocrx_word' id='word_1_106' title='bbox 129 1639 376 1702; x_wconf 82' lang='grc' dir='ltr'><em>λιῶται</em></span> <span class='ocrx_word' id='word_1_107' title='bbox 403 1631 484 1701; x_wconf 73' lang='grc' dir='ltr'><em>τὰ</em></span> <span class='ocrx_word' id='word_1_108' title='bbox 509 1633 634 1722; x_wconf 76' lang='grc' dir='ltr'><em>μὲν</em></span> <span class='ocrx_word' id='word_1_109' title='bbox 661 1634 898 1723; x_wconf 83' lang='grc' dir='ltr'><em>κρόνια</em></span> <span class='ocrx_word' id='word_1_110' title='bbox 925 1632 1436 1724; x_wconf 78' lang='grc' dir='ltr'><em>προεορτάζουσι</em></span> <span class='ocrx_word' id='word_1_111' title='bbox 1465 1639 1608 1726; x_wconf 77' lang='grc' dir='ltr'><em>θεῷ</em></span> <span class='ocrx_word' id='word_1_112' title='bbox 1636 1639 1729 1725; x_wconf 75' lang='grc' dir='ltr'><em>τῷ</em></span> <span class='ocrx_word' id='word_1_113' title='bbox 1756 1635 2060 1721; x_wconf 83' lang='grc' dir='ltr'><em>λαθόντι,</em></span> 
     </span>
     <span class='ocr_line' id='line_1_16' title="bbox 63 1732 2062 1830; baseline -0.002 -20"><span class='ocrx_word' id='word_1_114' title='bbox 63 1769 100 1810; x_wconf 75' lang='lat'><em>15</em></span> <span class='ocrx_word' id='word_1_115' title='bbox 127 1734 264 1826; x_wconf 85' lang='grc' dir='ltr'><em>τὴν</em></span> <span class='ocrx_word' id='word_1_116' title='bbox 303 1736 382 1805; x_wconf 77' lang='grc' dir='ltr'><em>δὲ</em></span> <span class='ocrx_word' id='word_1_117' title='bbox 421 1742 542 1805; x_wconf 83' lang='grc' dir='ltr'><em>τοῦ</em></span> <span class='ocrx_word' id='word_1_118' title='bbox 585 1743 773 1817; x_wconf 81' lang='grc' dir='ltr'><em>ἔτους</em></span> <span class='ocrx_word' id='word_1_119' title='bbox 823 1732 1034 1825; x_wconf 79' lang='grc' dir='ltr'><em>ἀρχὴν</em></span> <span class='ocrx_word' id='word_1_120' title='bbox 1075 1743 1465 1826; x_wconf 73' lang='grc' dir='ltr'><em>ἱερομηνίαν</em></span> <span class='ocrx_word' id='word_1_121' title='bbox 1512 1735 1751 1824; x_wconf 73' lang='grc' dir='ltr'><em>ἄγουσι</em></span> <span class='ocrx_word' id='word_1_122' title='bbox 1802 1744 1895 1830; x_wconf 75' lang='grc' dir='ltr'><em>τῷ</em></span> <span class='ocrx_word' id='word_1_123' title='bbox 1946 1745 2062 1827; x_wconf 88' lang='grc' dir='ltr'><em>τῆς</em></span> 
     </span>
     <span class='ocr_line' id='line_1_17' title="bbox 119 1836 2055 1931; baseline 0.001 -24"><span class='ocrx_word' id='word_1_124' title='bbox 119 1837 409 1918; x_wconf 85' lang='grc' dir='ltr'><em>Ἰταλίας</em></span> <span class='ocrx_word' id='word_1_125' title='bbox 434 1845 597 1931; x_wconf 74' lang='grc' dir='ltr'><em>θεῷ.</em></span> <span class='ocrx_word' id='word_1_126' title='bbox 655 1840 1085 1928; x_wconf 82' lang='grc' dir='ltr'><em>διπρόσωπον</em></span> <span class='ocrx_word' id='word_1_127' title='bbox 1113 1840 1188 1909; x_wconf 76' lang='grc' dir='ltr'><em>δὲ</em></span> <span class='ocrx_word' id='word_1_128' title='bbox 1217 1836 1427 1909; x_wconf 77' lang='grc' dir='ltr'><em>αὐτοῦ</em></span> <span class='ocrx_word' id='word_1_129' title='bbox 1456 1837 1530 1908; x_wconf 83' lang='grc' dir='ltr'><em>τὸ</em></span> <span class='ocrx_word' id='word_1_130' title='bbox 1570 1836 1834 1927; x_wconf 72' lang='grc' dir='ltr'><em>ἄγαλμα</em></span> <span class='ocrx_word' id='word_1_131' title='bbox 1863 1846 2055 1929; x_wconf 79' lang='grc' dir='ltr'><em>ἵδρυ-</em></span> 
     </span>
     <span class='ocr_line' id='line_1_18' title="bbox 130 1937 2055 2031; baseline 0.001 -20"><span class='ocrx_word' id='word_1_132' title='bbox 130 1971 278 2028; x_wconf 94' lang='grc' dir='ltr'><em>ται,</em></span> <span class='ocrx_word' id='word_1_133' title='bbox 309 1940 542 2031; x_wconf 83' lang='grc' dir='ltr'><em>ἐπειδὴ</em></span> <span class='ocrx_word' id='word_1_134' title='bbox 573 1946 638 2023; x_wconf 83' lang='grc' dir='ltr'><em>ἐς</em></span> <span class='ocrx_word' id='word_1_135' title='bbox 665 1941 872 2013; x_wconf 81' lang='grc' dir='ltr'><em>αὐτὸν</em></span> <span class='ocrx_word' id='word_1_136' title='bbox 901 1937 936 2011; x_wconf 83' lang='grc' dir='ltr'>ὁ</span> <span class='ocrx_word' id='word_1_137' title='bbox 966 1940 1268 2023; x_wconf 80' lang='grc' dir='ltr'><em>ἐνιαυτὸς</em></span> <span class='ocrx_word' id='word_1_138' title='bbox 1294 1938 1571 2031; x_wconf 75' lang='grc' dir='ltr'><em>ἄρχεταί</em></span> <span class='ocrx_word' id='word_1_139' title='bbox 1606 1969 1678 2010; x_wconf 89' lang='grc' dir='ltr'><em>τε</em></span> <span class='ocrx_word' id='word_1_140' title='bbox 1706 1944 1817 2011; x_wconf 82' lang='grc' dir='ltr'><em>καὶ</em></span> <span class='ocrx_word' id='word_1_141' title='bbox 1845 1942 2055 2013; x_wconf 85' lang='grc' dir='ltr'><em>παύε-</em></span> 
     </span>
     <span class='ocr_line' id='line_1_19' title="bbox 133 2036 2058 2137; baseline 0.001 -23"><span class='ocrx_word' id='word_1_142' title='bbox 133 2072 265 2115; x_wconf 92' lang='grc' dir='ltr'><em>ται.</em></span> <span class='ocrx_word' id='word_1_143' title='bbox 321 2046 566 2134; x_wconf 80' lang='grc' dir='ltr'><em>ταύτης</em></span> <span class='ocrx_word' id='word_1_144' title='bbox 595 2046 676 2135; x_wconf 88' lang='grc' dir='ltr'><em>δὴ</em></span> <span class='ocrx_word' id='word_1_145' title='bbox 703 2053 819 2136; x_wconf 91' lang='grc' dir='ltr'><em>τῆς</em></span> <span class='ocrx_word' id='word_1_146' title='bbox 849 2049 1076 2135; x_wconf 81' lang='grc' dir='ltr'><em>ἑορτῆς</em></span> <span class='ocrx_word' id='word_1_147' title='bbox 1103 2045 1507 2137; x_wconf 82' lang='grc' dir='ltr'><em>προσιούσης</em></span> <span class='ocrx_word' id='word_1_148' title='bbox 1526 2096 1545 2131; x_wconf 92' lang='grc'><em>,</em></span> <span class='ocrx_word' id='word_1_149' title='bbox 1576 2048 1651 2113; x_wconf 87' lang='grc' dir='ltr'><em>ἐν</em></span> <span class='ocrx_word' id='word_1_150' title='bbox 1688 2036 1733 2133; x_wconf 80' lang='grc' dir='ltr'><em>ᾗ</em></span> <span class='ocrx_word' id='word_1_151' title='bbox 1775 2046 2058 2133; x_wconf 86' lang='grc' dir='ltr'><em>μάλιστα</em></span> 
     </span>
     <span class='ocr_line' id='line_1_20' title="bbox 125 2144 2059 2239; baseline 0.001 -22"><span class='ocrx_word' id='word_1_152' title='bbox 125 2144 436 2237; x_wconf 60' lang='grc' dir='ltr'><em>Ῥωμαῖοι</em></span> <span class='ocrx_word' id='word_1_153' title='bbox 467 2154 847 2231; x_wconf 82' lang='grc' dir='ltr'><em>δεξιοῦνταί</em></span> <span class='ocrx_word' id='word_1_154' title='bbox 867 2177 939 2218; x_wconf 94' lang='grc' dir='ltr'><em>τε</em></span> <span class='ocrx_word' id='word_1_155' title='bbox 965 2146 1294 2239; x_wconf 77' lang='grc' dir='ltr'><em>ἀλλήλους</em></span> <span class='ocrx_word' id='word_1_156' title='bbox 1320 2150 1432 2217; x_wconf 82' lang='grc' dir='ltr'><em>καὶ</em></span> <span class='ocrx_word' id='word_1_157' title='bbox 1461 2149 2059 2237; x_wconf 78' lang='grc' dir='ltr'><em>προσαγορεύουσι,</em></span> 
     </span>
     <span class='ocr_line' id='line_1_21' title="bbox 63 2251 2059 2344; baseline -0.001 -19"><span class='ocrx_word' id='word_1_158' title='bbox 63 2286 106 2325; x_wconf 75' lang='grc' dir='ltr'><em>ιο</em></span> <span class='ocrx_word' id='word_1_159' title='bbox 138 2252 574 2341; x_wconf 77' lang='grc' dir='ltr'><em>νομισμάτων</em></span> <span class='ocrx_word' id='word_1_160' title='bbox 599 2280 670 2322; x_wconf 87' lang='grc' dir='ltr'><em>τε</em></span> <span class='ocrx_word' id='word_1_161' title='bbox 697 2251 1074 2323; x_wconf 79' lang='grc' dir='ltr'><em>ἀντιδόσεσι</em></span> <span class='ocrx_word' id='word_1_162' title='bbox 1103 2256 1216 2322; x_wconf 81' lang='grc' dir='ltr'><em>καὶ</em></span> <span class='ocrx_word' id='word_1_163' title='bbox 1256 2260 1579 2344; x_wconf 77' lang='grc' dir='ltr'><em>κοινωνίᾳ</em></span> <span class='ocrx_word' id='word_1_164' title='bbox 1616 2257 1753 2321; x_wconf 74' lang='grc' dir='ltr'><em>τῶν</em></span> <span class='ocrx_word' id='word_1_165' title='bbox 1786 2259 1908 2341; x_wconf 79' lang='grc' dir='ltr'><em>γῆς</em></span> <span class='ocrx_word' id='word_1_166' title='bbox 1946 2256 2059 2323; x_wconf 83' lang='grc' dir='ltr'><em>καὶ</em></span> 
     </span>
     <span class='ocr_line' id='line_1_22' title="bbox 131 2351 2120 2445; baseline 0.001 -21"><span class='ocrx_word' id='word_1_167' title='bbox 131 2356 471 2445; x_wconf 78' lang='grc' dir='ltr'><em>θαλάττης</em></span> <span class='ocrx_word' id='word_1_168' title='bbox 497 2363 724 2426; x_wconf 78' lang='grc' dir='ltr'><em>καλῶν</em></span> <span class='ocrx_word' id='word_1_169' title='bbox 751 2354 1238 2445; x_wconf 80' lang='grc' dir='ltr'><em>εὐφραίνουσιν</em></span> <span class='ocrx_word' id='word_1_170' title='bbox 1266 2352 1529 2440; x_wconf 79' lang='grc' dir='ltr'><em>αὐτούς,</em></span> <span class='ocrx_word' id='word_1_171' title='bbox 1556 2351 1758 2442; x_wconf 78' lang='grc' dir='ltr'><em>ἀρχαί</em></span> <span class='ocrx_word' id='word_1_172' title='bbox 1778 2384 1849 2425; x_wconf 89' lang='grc' dir='ltr'><em>τε</em></span> <span class='ocrx_word' id='word_1_173' title='bbox 1878 2357 2047 2436; x_wconf 76' lang='grc' dir='ltr'><em>ἐπι-ό-</em></span> <span class='ocrx_word' id='word_1_174' title='bbox 2084 2380 2120 2433; x_wconf 84' lang='lat'><strong>3</strong></span> 
     </span>
     <span class='ocr_line' id='line_1_23' title="bbox 133 2458 2057 2550; baseline 0.001 -23"><span class='ocrx_word' id='word_1_175' title='bbox 133 2487 340 2547; x_wconf 85' lang='grc' dir='ltr'><em>νυμοι</em></span> <span class='ocrx_word' id='word_1_176' title='bbox 367 2460 516 2529; x_wconf 88' lang='grc' dir='ltr'><em>τότε</em></span> <span class='ocrx_word' id='word_1_177' title='bbox 542 2466 808 2550; x_wconf 76' lang='grc' dir='ltr'><em>πρῶτον</em></span> <span class='ocrx_word' id='word_1_178' title='bbox 834 2458 960 2549; x_wconf 88' lang='grc' dir='ltr'><em>τὴν</em></span> <span class='ocrx_word' id='word_1_179' title='bbox 986 2464 1260 2542; x_wconf 83' lang='grc' dir='ltr'><em>ἔνδοξον</em></span> <span class='ocrx_word' id='word_1_180' title='bbox 1287 2462 1399 2529; x_wconf 85' lang='grc' dir='ltr'><em>καὶ</em></span> <span class='ocrx_word' id='word_1_181' title='bbox 1428 2458 1771 2527; x_wconf 81' lang='grc' dir='ltr'><em>ἐνιαύσιον</em></span> <span class='ocrx_word' id='word_1_182' title='bbox 1791 2460 2057 2550; x_wconf 85' lang='grc' dir='ltr'><em>πορφύ-</em></span> 
     </span>
     <span class='ocr_line' id='line_1_24' title="bbox 135 2556 2061 2653; baseline 0.001 -22"><span class='ocrx_word' id='word_1_183' title='bbox 135 2590 268 2653; x_wconf 94' lang='grc' dir='ltr'><em>ραν</em></span> <span class='ocrx_word' id='word_1_184' title='bbox 295 2571 790 2653; x_wconf 87' lang='grc' dir='ltr'><em>περιτίθενται,</em></span> <span class='ocrx_word' id='word_1_185' title='bbox 834 2564 1107 2633; x_wconf 89' lang='grc' dir='ltr'><em>πάντων</em></span> <span class='ocrx_word' id='word_1_186' title='bbox 1145 2562 1591 2653; x_wconf 82' lang='grc' dir='ltr'><em>ἑορταζόντων</em></span> <span class='ocrx_word' id='word_1_187' title='bbox 1633 2556 1669 2631; x_wconf 85' lang='grc' dir='ltr'>ὁ</span> <span class='ocrx_word' id='word_1_188' title='bbox 1706 2563 2061 2651; x_wconf 86' lang='grc' dir='ltr'><em>Κόμμοδος</em></span> 
     </span>
     <span class='ocr_line' id='line_1_25' title="bbox 135 2662 2061 2755; baseline 0.001 -21"><span class='ocrx_word' id='word_1_189' title='bbox 135 2665 452 2755; x_wconf 82' lang='grc' dir='ltr'><em>ἐβούλετο</em></span> <span class='ocrx_word' id='word_1_190' title='bbox 479 2664 604 2735; x_wconf 77' lang='grc' dir='ltr'><em>οὐκ</em></span> <span class='ocrx_word' id='word_1_191' title='bbox 645 2670 718 2735; x_wconf 82' lang='grc' dir='ltr'><em>ἐκ</em></span> <span class='ocrx_word' id='word_1_192' title='bbox 754 2671 870 2755; x_wconf 84' lang='grc' dir='ltr'><em>τῆς</em></span> <span class='ocrx_word' id='word_1_193' title='bbox 907 2674 1281 2755; x_wconf 87' lang='grc' dir='ltr'><em>βασιλείου,</em></span> <span class='ocrx_word' id='word_1_194' title='bbox 1330 2662 1418 2745; x_wconf 74' lang='grc' dir='ltr'><em>ὥς</em></span> <span class='ocrx_word' id='word_1_195' title='bbox 1458 2672 1649 2749; x_wconf 75' lang='grc' dir='ltr'><em>ἔθος,</em></span> <span class='ocrx_word' id='word_1_196' title='bbox 1696 2676 2061 2755; x_wconf 75' lang='grc' dir='ltr'><em>προελθεῖν</em></span> 
     </span>
     <span class='ocr_line' id='line_1_26' title="bbox 63 2767 2057 2859; baseline 0.001 -23"><span class='ocrx_word' id='word_1_197' title='bbox 63 2794 106 2835; x_wconf 72' lang='lat'><em>²5</em></span> <span class='ocrx_word' id='word_1_198' title='bbox 139 2776 356 2849; x_wconf 83' lang='grc' dir='ltr'><em>οἰκίας</em></span> <span class='ocrx_word' id='word_1_199' title='bbox 383 2767 529 2839; x_wconf 74' lang='grc' dir='ltr'><em>ἀλλ’</em></span> <span class='ocrx_word' id='word_1_200' title='bbox 564 2772 638 2839; x_wconf 83' lang='grc' dir='ltr'><em>ἐκ</em></span> <span class='ocrx_word' id='word_1_201' title='bbox 665 2776 784 2839; x_wconf 85' lang='grc' dir='ltr'><em>τοῦ</em></span> <span class='ocrx_word' id='word_1_202' title='bbox 809 2775 948 2839; x_wconf 74' lang='grc' dir='ltr'><em>τῶν</em></span> <span class='ocrx_word' id='word_1_203' title='bbox 986 2769 1385 2859; x_wconf 86' lang='grc' dir='ltr'><em>μονομάχων</em></span> <span class='ocrx_word' id='word_1_204' title='bbox 1421 2776 1875 2855; x_wconf 79' lang='grc' dir='ltr'><em>καταγωγίου,</em></span> <span class='ocrx_word' id='word_1_205' title='bbox 1908 2768 2057 2839; x_wconf 82' lang='grc' dir='ltr'><em>ἀντὶ</em></span> 
     </span>
     <span class='ocr_line' id='line_1_27' title="bbox 137 2868 2058 2965; baseline 0.001 -24"><span class='ocrx_word' id='word_1_206' title='bbox 137 2874 212 2941; x_wconf 74' lang='grc' dir='ltr'><em>δὲ</em></span> <span class='ocrx_word' id='word_1_207' title='bbox 241 2879 358 2961; x_wconf 90' lang='grc' dir='ltr'><em>τῆς</em></span> <span class='ocrx_word' id='word_1_208' title='bbox 401 2871 800 2965; x_wconf 79' lang='grc' dir='ltr'><em>εὐπαρύφου</em></span> <span class='ocrx_word' id='word_1_209' title='bbox 845 2875 956 2941; x_wconf 81' lang='grc' dir='ltr'><em>καὶ</em></span> <span class='ocrx_word' id='word_1_210' title='bbox 995 2879 1345 2962; x_wconf 86' lang='grc' dir='ltr'><em>βασιλικῆς</em></span> <span class='ocrx_word' id='word_1_211' title='bbox 1384 2871 1735 2962; x_wconf 86' lang='grc' dir='ltr'><em>πορφύρας</em></span> <span class='ocrx_word' id='word_1_212' title='bbox 1774 2868 1947 2941; x_wconf 80' lang='grc' dir='ltr'><em>ὅπλα</em></span> <span class='ocrx_word' id='word_1_213' title='bbox 1984 2900 2058 2942; x_wconf 89' lang='grc' dir='ltr'><em>τε</em></span> 
     </span>
     <span class='ocr_line' id='line_1_28' title="bbox 137 2973 2115 3066; baseline -0.002 -22"><span class='ocrx_word' id='word_1_214' title='bbox 137 2973 340 3055; x_wconf 81' lang='grc' dir='ltr'><em>αὐτὸς</em></span> <span class='ocrx_word' id='word_1_215' title='bbox 379 2979 610 3066; x_wconf 80' lang='grc' dir='ltr'><em>φέρων</em></span> <span class='ocrx_word' id='word_1_216' title='bbox 647 2980 761 3047; x_wconf 82' lang='grc' dir='ltr'><em>καὶ</em></span> <span class='ocrx_word' id='word_1_217' title='bbox 802 2976 1315 3066; x_wconf 79' lang='grc' dir='ltr'><em>συμπροῖόντων</em></span> <span class='ocrx_word' id='word_1_218' title='bbox 1351 2981 1491 3045; x_wconf 77' lang='grc' dir='ltr'><em>τῶν</em></span> <span class='ocrx_word' id='word_1_219' title='bbox 1541 2979 1797 3044; x_wconf 74' lang='grc' dir='ltr'><em>λοιπῶν</em></span> <span class='ocrx_word' id='word_1_220' title='bbox 1849 3003 2050 3063; x_wconf 77' lang='grc' dir='ltr'><em>μονο-</em></span> <span class='ocrx_word' id='word_1_221' title='bbox 2108 3032 2115 3041; x_wconf 87' lang='grc'><strong>.</strong></span> 
     </span>
     <span class='ocr_line' id='line_1_29' title="bbox 137 3073 2121 3169; baseline 0.002 -22"><span class='ocrx_word' id='word_1_222' title='bbox 137 3079 372 3168; x_wconf 86' lang='grc' dir='ltr'><em>μάχων</em></span> <span class='ocrx_word' id='word_1_223' title='bbox 400 3076 702 3169; x_wconf 81' lang='grc' dir='ltr'><em>ὀφθῆναι</em></span> <span class='ocrx_word' id='word_1_224' title='bbox 728 3096 866 3160; x_wconf 87' lang='grc' dir='ltr'><em>τοῖς</em></span> <span class='ocrx_word' id='word_1_225' title='bbox 895 3075 1250 3169; x_wconf 85' lang='grc' dir='ltr'><em>Ῥωμαίοις.</em></span> <span class='ocrx_word' id='word_1_226' title='bbox 1357 3080 1501 3149; x_wconf 83' lang='grc' dir='ltr'><em>ἐπεὶ</em></span> <span class='ocrx_word' id='word_1_227' title='bbox 1532 3078 1607 3146; x_wconf 72' lang='grc' dir='ltr'><em>δὲ</em></span> <span class='ocrx_word' id='word_1_228' title='bbox 1632 3073 1755 3166; x_wconf 82' lang='grc' dir='ltr'><em>τὴν</em></span> <span class='ocrx_word' id='word_1_229' title='bbox 1781 3077 2057 3168; x_wconf 72' lang='grc' dir='ltr'><em>γνώμην</em></span> <span class='ocrx_word' id='word_1_230' title='bbox 2086 3099 2121 3150; x_wconf 89' lang='lat'>4</span> 
     </span>
     <span class='ocr_line' id='line_1_30' title="bbox 137 3176 2059 3275; baseline 0.001 -24"><span class='ocrx_word' id='word_1_231' title='bbox 137 3178 350 3253; x_wconf 80' lang='grc' dir='ltr'><em>αὑτοῦ</em></span> <span class='ocrx_word' id='word_1_232' title='bbox 377 3184 628 3273; x_wconf 90' lang='grc' dir='ltr'><em>ταύτην</em></span> <span class='ocrx_word' id='word_1_233' title='bbox 655 3182 983 3273; x_wconf 72' lang='grc' dir='ltr'><em>ἀνήνεγκε</em></span> <span class='ocrx_word' id='word_1_234' title='bbox 1024 3180 1189 3275; x_wconf 82' lang='grc' dir='ltr'><em>πρὸς</em></span> <span class='ocrx_word' id='word_1_235' title='bbox 1219 3191 1546 3274; x_wconf 87' lang='grc' dir='ltr'><em>Μαρκίαν</em></span> <span class='ocrx_word' id='word_1_236' title='bbox 1559 3202 1583 3266; x_wconf 94' lang='grc'><em>,’</em></span> <span class='ocrx_word' id='word_1_237' title='bbox 1618 3176 1706 3267; x_wconf 80' lang='grc' dir='ltr'><em>ἣν</em></span> <span class='ocrx_word' id='word_1_238' title='bbox 1748 3180 1881 3268; x_wconf 82' lang='grc' dir='ltr'><em>εἶχε</em></span> <span class='ocrx_word' id='word_1_239' title='bbox 1922 3188 2059 3252; x_wconf 80' lang='grc' dir='ltr'><em>τῶν</em></span> 
     </span>
     <span class='ocr_line' id='line_1_31' title="bbox 63 3282 2061 3376; baseline 0.001 -25"><span class='ocrx_word' id='word_1_240' title='bbox 63 3310 110 3351; x_wconf 72' lang='grc' dir='ltr'><em>ω</em></span> <span class='ocrx_word' id='word_1_241' title='bbox 140 3292 578 3357; x_wconf 85' lang='grc' dir='ltr'><em>παλλακίδων</em></span> <span class='ocrx_word' id='word_1_242' title='bbox 601 3286 1036 3376; x_wconf 87' lang='grc' dir='ltr'><em>τιμιωτάτην,</em></span> <span class='ocrx_word' id='word_1_243' title='bbox 1077 3283 1122 3376; x_wconf 79' lang='grc' dir='ltr'><strong><em>ἢ</em></strong></span> <span class='ocrx_word' id='word_1_244' title='bbox 1161 3282 1364 3357; x_wconf 78' lang='grc' dir='ltr'><em>οὐδέν</em></span> <span class='ocrx_word' id='word_1_245' title='bbox 1404 3314 1467 3354; x_wconf 91' lang='grc' dir='ltr'><em>τι</em></span> <span class='ocrx_word' id='word_1_246' title='bbox 1504 3282 1735 3371; x_wconf 79' lang='grc' dir='ltr'><em>ἀπεῖχε</em></span> <span class='ocrx_word' id='word_1_247' title='bbox 1775 3291 2061 3375; x_wconf 77' lang='grc' dir='ltr'><em>γαμετῆς</em></span> 
     </span>
     <span class='ocr_line' id='line_1_32' title="bbox 135 3385 2061 3480; baseline 0.001 -21"><span class='ocrx_word' id='word_1_248' title='bbox 135 3390 492 3477; x_wconf 76' lang='grc' dir='ltr'><em>γυναικός,</em></span> <span class='ocrx_word' id='word_1_249' title='bbox 535 3388 704 3461; x_wconf 81' lang='grc' dir='ltr'><em>ἀλλά</em></span> <span class='ocrx_word' id='word_1_250' title='bbox 753 3391 970 3461; x_wconf 88' lang='grc' dir='ltr'><em>πάντα</em></span> <span class='ocrx_word' id='word_1_251' title='bbox 1019 3385 1322 3480; x_wconf 77' lang='grc' dir='ltr'><em>ὑπῆρχεν</em></span> <span class='ocrx_word' id='word_1_252' title='bbox 1360 3385 1483 3459; x_wconf 79' lang='grc' dir='ltr'><em>ὅσα</em></span> <span class='ocrx_word' id='word_1_253' title='bbox 1521 3393 1841 3477; x_wconf 81' lang='grc' dir='ltr'><em>σεβαστῇ,</em></span> <span class='ocrx_word' id='word_1_254' title='bbox 1884 3387 2061 3479; x_wconf 83' lang='grc' dir='ltr'><em>πλὴν</em></span> 
     </span>
     <span class='ocr_line' id='line_1_33' title="bbox 137 3488 2056 3585; baseline 0.001 -23"><span class='ocrx_word' id='word_1_255' title='bbox 137 3500 254 3563; x_wconf 84' lang='grc' dir='ltr'><em>τοῦ</em></span> <span class='ocrx_word' id='word_1_256' title='bbox 283 3494 497 3585; x_wconf 85' lang='grc' dir='ltr'><em>πυρός</em></span> <span class='ocrx_word' id='word_1_257' title='bbox 515 3516 529 3530; x_wconf 91' lang='grc'><em>·</em></span> <span class='ocrx_word' id='word_1_258' title='bbox 559 3490 604 3584; x_wconf 73' lang='grc' dir='ltr'><em>ἢ</em></span> <span class='ocrx_word' id='word_1_259' title='bbox 631 3500 945 3583; x_wconf 83' lang='grc' dir='ltr'><em>μαθοῦσα</em></span> <span class='ocrx_word' id='word_1_260' title='bbox 963 3491 1087 3582; x_wconf 82' lang='grc' dir='ltr'><em>τὴν</em></span> <span class='ocrx_word' id='word_1_261' title='bbox 1101 3494 1484 3583; x_wconf 76' lang='grc' dir='ltr'><em>παράλογον</em></span> <span class='ocrx_word' id='word_1_262' title='bbox 1510 3488 1685 3561; x_wconf 73' lang='grc' dir='ltr'><em>οὕτω</em></span> <span class='ocrx_word' id='word_1_263' title='bbox 1713 3494 1825 3560; x_wconf 80' lang='grc' dir='ltr'><em>καὶ</em></span> <span class='ocrx_word' id='word_1_264' title='bbox 1853 3490 2056 3583; x_wconf 76' lang='grc' dir='ltr'><em>ἀπρε-</em></span> 
     </span>
    </p>
   </div>
  </div>
 </body>
</html>
