2475 3859
826 153 1271 215 AEYTEPON
1921 154 1995 216 61

85 320 373 408 σκεύαζε
388 344 402 358 ·
433 322 674 411 τούςζτε
686 324 1048 413 ἐλέφαντας
1059 322 1331 413 πάντας,
1350 332 1421 395 οἳ
1440 327 1507 406 ἐς
1534 312 1805 415 πομπὴν
1824 321 2000 414 ὑπη-

1 433 3 436 ’
87 434 366 517 ρετοῦσι
400 424 766 517 Ῥωμαίοις,
809 427 1112 517 πύργους
1160 430 1274 497 καὶ
1320 424 1571 515 ἄνδρας
1618 431 1853 519 φέρειν
1890 431 2003 498 ἐπὶ

83 538 232 601 τῶν
291 528 528 601 νω’των
581 534 973 617 ἐπαίδευεν,
1035 530 1339 619 οἰόμενος
1390 527 1601 613 οὕτως
1653 530 1999 619 ἐκπλήξειν

83 632 252 714 τούς
277 660 350 703 τε
377 630 768 726 Ἰλλυριούς,
797 636 910 704 καὶ
937 630 1060 721 τὴν
1093 640 1229 704 τω“’ν
1255 642 1592 723 πολεμίων
1619 640 1823 705 ἵππον
1850 640 2001 705 δια-

7 758 48 799 5
87 736 408 825 ταράξειν
447 733 598 817 ὄψει
639 738 754 806 καὶ
787 740 1062 826 μεγέθει
1101 744 1367 826 θηρίων
1392 736 1481 826 μὴ
1518 737 1846 827 πρότερον
1872 733 2001 808 αὖ·

87 855 234 920 τοῖς
261 841 676 929 ἑωραμένων.
707 839 854 910 τότε
879 838 964 928 δὴ
990 845 1169 909 πᾶσα
1193 836 1234 927 ἡ
1264 840 1453 923 πόλις
1479 837 1653 911 ὅπλα
1670 840 2001 930 εἰργάζετο

87 943 210 1013 καὶ
237 939 318 1013 τὰ
336 940 501 1030 πρὸς
527 941 818 1031 πόλεμον
845 939 1385 1029 παρεσκευάζετο.

298 1044 677 1133 μελλόντων
725 1045 801 1115 δὲ
837 1051 974 1115 τῶν
1013 1042 1382 1116 Ἰουλιανοῦ
1430 1051 1850 1136 στρατιωτῶν
1902 1051 1999 1115 ἔτι
2024 1064 2111 1147 12·

89 1150 212 1217 καὶ
239 1144 319 1217 τὰ
347 1146 512 1237 πρὸς
537 1147 828 1237 πόλεμον
853 1151 1082 1237 ἕτοιμα
1107 1148 1516 1236 ποιούντων,
1546 1146 1933 1237 ἀγγέλλεται
1960 1146 1995 1218 ὁ

0 1266 54 1309 ¹⁰
92 1257 400 1339 Σεεῆρος
436 1247 566 1339 ἤδη
605 1251 922 1339 προσιών.
993 1254 1106 1321 καὶ
1149 1249 1323 1322 πολὺ
1360 1258 1480 1321 τοῦ
1518 1251 2002 1343 στρατεύματος

92 1356 296 1444 μέρος
324 1353 762 1435 διασκεδάσας
787 1357 1038 1435 ἐκεῖνος
1076 1355 1337 1425 κελεύει
1376 1358 1903 1441 παρεισδύεσθαι
1936 1357 2003 1435 ἐς

91 1456 222 1545 τὴν
255 1456 471 1526 πόλιν.
526 1465 596 1528 οἳ
617 1457 691 1529 δὲ
718 1456 885 1528 κατὰ
911 1457 1122 1539 πάσας
1161 1454 1364 1539 ὁδοὺς
1392 1464 1847 1547 διανείμαντες
1872 1454 2002 1527 αὖ-

91 1557 278 1645 τούς,
299 1560 532 1628 πολλοὶ
561 1556 625 1629 δ’
662 1562 728 1639 ἐς
745 1557 997 1649 Ῥώμην
1015 1560 1279 1648 νύκτωρ
1302 1560 1753 1642 λανθάνοντες
1771 1560 2000 1650 ἐἰσῄε-

93 1685 258 1750 σαν,
303 1660 382 1731 τὰ
421 1659 593 1733 ὅπλα
635 1658 1208 1754 ὑποκρύπτοντες,
1251 1667 1327 1734 ἐν
1370 1669 1659 1734 ἰδιωτῶν
1700 1663 1997 1751 σχήματι.

0 1786 56 1827 15
97 1768 218 1835 καὶ
255 1762 384 1853 ἤδη
425 1771 496 1835 οἱ
531 1768 834 1853 πολέμιοι
874 1772 1072 1837 ἔνδον
1119 1756 1291 1854 ἦσαν
1328 1774 1451 1836 τοῦ
1495 1763 1865 1837 Ἰουλιανοῦ
1904 1772 1999 1835 ἔτι
2026 1782 2063 1833 2

89 1866 526 1952 ὑπτιάζοντος
565 1870 679 1938 καὶ
705 1868 788 1937 τὰ
823 1869 1235 1958 πραττόμενα
1267 1865 1687 1957 ἀγνοοῦντος.
1744 1870 1890 1939 ἐπεὶ
1928 1867 2004 1937 δὲ

91 1978 308 2041 ταῦτα
345 1971 674 2041 διάπυστα
713 1979 804 2064 τῷ
834 1972 1022 2063 δήμω
1065 1974 1359 2061 ἐγένετο,
1400 1974 1475 2041 ἐν
1511 1978 1759 2062 ταραχῇ
1790 1976 2003 2061 πολλῇ

91 2075 343 2156 πάντες
367 2064 572 2162 ἦσαν,
601 2077 716 2145 καὶ
741 2074 1033 2155 δεδιότες
1058 2073 1182 2164 τὴν
1221 2074 1513 2163 δύναμιν
1541 2082 1662 2145 τοῦ
1691 2073 2005 2162 Σεεήρου

89 2177 178 2247 τὰ
209 2181 472 2247 ἐκείνου
501 2193 780 2267 φρονεῖν
817 2185 1373 2269 προσεποιοῦντο,
1420 2185 1539 2248 τοῦ
1576 2178 1699 2266 μὲν
1725 2174 2004 2248 'Ioum-

2 2300 51 2341 20
91 2287 230 2351 νοῦ
256 2280 860 2368 καταγινώσκοντες
885 2277 1276 2370 ἀνανδρίαν,
1300 2288 1423 2351 τοῦ
1453 2281 1528 2351 δὲ
1552 2289 1818 2372 Νίγρου
1843 2282 2002 2370 μέλ-

87 2391 298 2471 λησίν
335 2412 405 2453 τε
445 2387 557 2453 καὶ
606 2387 982 2475 ῥᾳθυμίαν·
1025 2381 1144 2453 τὸν
1182 2385 1258 2454 δὲ
1300 2392 1607 2475 Σεεῆρον
1648 2382 2005 2463 ἀκούοντες

87 2485 228 2575 ἤδη
261 2486 558 2576 παρόντα
585 2486 980 2576 ἐθαύμαζον.
1015 2483 1051 2556 ὃ
1080 2492 1121 2554 δ
1125 2487 1156 2557 ὲ
1177 2484 1535 2567 Ἰουλιανὸς
1560 2496 1772 2579 πολλῇ
1799 2513 2003 2557 κατα-
2024 2503 2061 2558 3

85 2589 597 2679 λαμβανόμενος
625 2587 880 2682 ἀφασίᾳ
905 2616 976 2659 τε
1002 2591 1118 2660 καὶ
1155 2588 1434 2681 ἀπορίᾳ,
1480 2587 1659 2671 ὅπως
1695 2591 2005 2679 χρήσεται

87 2708 238 2773 τοῖς
251 2692 644 2783 ,πράγμασιν
661 2690 786 2763 οὐκ
819 2692 1044 2780 εἰδώς,
1073 2690 1527 2784 ἀθροισθῆναι
1552 2693 1869 2775 κελεύσας
1886 2691 2008 2780 τὴν

7 2818 56 2861 25
90 2796 484 2885 σύγκλητον
516 2798 924 2885 καταπέμπει
949 2795 1334 2885 γράμματα,
1375 2792 1466 2865 δι’
1516 2786 1613 2865 ὦν
1652 2797 2005 2866 ἐσπένδετο

86 2897 180 2987 δὴ
213 2897 384 2989 πρὸς
409 2896 528 2969 τὸν
553 2906 860 2987 Σεεῆρον
883 2902 996 2969 καὶ
1021 2895 1477 2987 αὐτοκράτορα
1500 2895 1847 2981 ἀναδείξας
1863 2925 2007 2967 κοι-

85 3000 330 3073 νωνὸν
355 3008 470 3089 τῆς
511 3009 850 3092 βασιλείας
887 3005 1192 3072 ἐποιεῖτο.
1244 2998 1287 3089 ἡ
1327 3001 1403 3071 δὲ
1440 3000 1806 3089 σύγκλητος
1844 3003 2010 3088 ἐψη-

89 3114 348 3195 φίσατο
387 3105 511 3193 μὲν
553 3114 796 3192 ταῦτα,
837 3101 1125 3195 ὁρῶντες
1165 3104 1241 3175 δὲ
1280 3103 1399 3174 τὸν
1434 3101 1802 3174 Ἰουλιανὸν
1839 3100 2009 3173 ἀπο-

89 3214 457 3279 δειλιῶντα
487 3211 601 3279 καὶ
634 3212 708 3279 ἐν
735 3206 1141 3297 ἀπογνώσει,
1175 3214 1269 3301 τῷ
1298 3206 1578 3299 Σεεήρῳ
1608 3206 1858 3287 πάντες,
1878 3201 2008 3295 ἤδη

16 3329 62 3371 ²⁰
92 3318 604 3403 προσετίθεντο.
710 3310 834 3381 δύο
877 3313 958 3381 δέ
989 3339 1122 3383 που
1161 3306 1206 3400 ἢ
1247 3317 1453 3401 τριῶν
1492 3306 1759 3399 ἡμερῶν
1792 3335 2011 3399 παρα-
2032 3330 2069 3386 4

91 3421 540 3505 δραμουσῶν,
582 3419 852 3504 ἐπείπερ
893 3410 1024 3503 ἤδη
1063 3412 1184 3485 τὸν
1226 3420 1537 3505 Σευῆρον
1570 3416 1685 3484 καὶ
1723 3409 1893 3503 αὐτῇ
1928 3418 2011 3503 τῇ

91 3520 292 3591 πόλει
340 3518 853 3610 ἐπιστησόμενον
890 3513 1173 3607 ἤκουον,
1227 3517 1845 3609 καταφρονήσαντες
1888 3522 2013 3585 τοῦ
