2475 3859
406 128 486 187 44
1140 128 1584 189 ΔΕΤΤΕΡΟΝ
2415 0 2431 269 Ι

405 302 634 389 μένοις
660 316 980 392 παρεῖχον
996 320 1012 335 ·
1037 296 1114 370 τὸ
1143 300 1234 369 δὲ’
1244 310 1662 386 τελευταῖον,
1692 296 1843 369 οὐδ’
1877 296 2053 369 ὅλων
2080 306 2321 389 μηνῶν

407 402 534 475 δύο
571 409 686 493 τῆς
724 410 1066 491 βασιλείας
1101 400 1285 499 αὐτῷ
1322 412 1939 495 προκεχωρηκυίας,
1982 405 2319 486 ἐπιδειξα-

403 509 614 597 μένου
637 534 710 576 τε
737 510 812 577 ἐν
837 503 1040 599 ὀλίγῳ
1066 506 1285 600 χρόνῳ
1324 506 1535 578 πολλὰ
1560 505 1879 599 σώφρονα
1914 507 2027 574 καὶ
2066 506 2321 596 χρηστὰ

404 617 568 702 ἔργα
586 662 604 695 ,
634 614 928 680 ἐλπίδων
952 637 1024 679 τε
1051 607 1334 698 ἀγαθῶν
1357 627 1496 691 τοῖς
1520 607 1907 699 ἀρχομένοις
1933 604 2315 699 ὑποφαινο-

403 717 661 803 μένων,
702 713 1026 802 ἐβάσκηνε
1065 713 1285 785 πάντα
1321 715 1433 783 καὶ
1464 710 1787 804 ἀνέτρεψε
1830 710 2088 801 πονηρὰ
2118 713 2311 802 τύχη,
2349 737 2371 775 5

403 815 708 887 ἐκώλυσέ
724 844 796 887 τε
824 828 1100 906 θαυμασ
1137 815 1306 887 ἀκαὶ
1322 818 1635 906 έπωφελῆ
1655 833 1791 898 τοῖς
1803 812 2121 905 ὑπηκόοις
2147 822 2317 906 ἔργα

341 941 377 997 6
407 923 474 1002 ἐς
497 922 682 1001 τέλος
708 916 1018 1010 ἀχθῆναι.
1099 845 1390 1040 ἱπρῶτον
1415 920 1539 1010 μὲν
1577 918 1704 1010 γὰρ
1744 926 1967 990 πᾶσαν
1990 918 2125 1009 ’τὴν
2160 917 2311 989 κατ’

389 1021 676 1095 Ἰταλίαν
714 1026 826 1093 καὶ
867 1028 940 1095 ἐν
977 1040 1115 1105 τοῖς
1154 1035 1409 1104 λοιποῖς
1458 1030 1735 1094 ἔθνεσιν
1773 1021 2198 1113 ἆγεώργητόν
2237 1050 2313 1093 τε
2426 1098 2433 1109 ,

398 1128 511 1197 καὶ
539 1128 963 1198 παντάπασιν
989 1119 1206 1198 οὖσαν
1237 1124 1448 1217 ἀργὸν
1488 1129 1881 1218 ἐπέτρεψεν,
1920 1123 2173 1216 ὁπόσην
2209 1154 2313 1207 τις
2430 1122 2434 1203 4

398 1230 712 1320 βούλεται
750 1234 861 1301 καὶ
903 1229 1183 1302 δύναται
1202 1284 1220 1317 ,
1279 1237 1341 1300 εί
1376 1232 1488 1300 καὶ
1540 1234 1865 1318 βασιλέως
1915 1237 2127 1321 κτῆμα
2183 1240 2311 1318 εἴη,
2347 1257 2387 1296 ιι

397 1333 963 1424 καταλαμβάνειν,
1018 1337 1489 1424 ἐπιμεληθέντι
1554 1360 1627 1402 τε
1689 1336 1803 1403 καὶ
1855 1333 2314 1425 γεωργήσαντι

401 1437 688 1527 δεσπότῃ
729 1438 936 1509 εἶναι·
981 1441 1196 1508 ἔδωκέ
1226 1465 1301 1507 τε
1337 1442 1753 1527 γεωργοῦσιν
1794 1434 2099 1507 ἀτέλειαν
2136 1436 2309 1506 πάν-

396 1566 535 1609 των
576 1542 642 1621 ές
684 1544 848 1612 δέκα
889 1547 1037 1631 ἔτη,
1080 1542 1192 1611 καὶ
1232 1538 1347 1611 διὰ
1386 1537 1631 1620 παντὸς
1665 1546 2052 1621 δεσποτείας
2074 1536 2309 1631 ἇμερι-
2434 1548 2439 1653 Ι

335 1668 370 1725 7
400 1649 625 1733 μνίαν.
725 1660 862 1725 τοῖς
887 1672 959 1714 τε
989 1653 1357 1734 βασιλικοῖς
1384 1642 1709 1733 κτήμασιν
1735 1642 2072 1713 ἐκώλυσεν
2099 1638 2312 1713 αὑτοῦ
2436 1680 2438 1733 1

392 1744 642 1837 τοῦνομ
713 1747 1240 1839 ἐπιγράφεσθαι,
1282 1744 1493 1817 εἰπών
1517 1742 1686 1817 αὐτοὶ
1712 1742 1835 1817 οὐκ
1866 1752 2006 1816 ἴδια
2031 1752 2151 1816 τοῦ
2178 1753 2305 1833 βα·
2342 1764 2380 1804 ¹⁵

393 1849 770 1933 σιλεύοντος
813 1852 1016 1937 εἶναι,
1059 1849 1227 1922 ἄλλα
1272 1848 1465 1923 κοινὰ
1515 1850 1628 1919 καὶ
1668 1850 1955 1940 δημόσια
1992 1856 2106 1939 τῆς
2149 1845 2306 1919 Ῥω-

392 1962 612 2044 μαίων
635 1951 859 2046 ἀρχῆς.
914 1959 1069 2044 τέλη
1094 1983 1166 2024 τε
1193 1954 1410 2024 πάντα
1438 1949 1519 2023 τὰ
1547 1953 1880 2044 πρότερον
1906 1955 2015 2023 ἐπὶ
2040 1957 2157 2042 τῆς
2181 1979 2305 2021 τυ-

391 2063 707 2146 ραννίδος
735 2061 801 2137 ἐς
842 2054 1165 2146 εὐπορίαν
1201 2056 1557 2146 χρημάτων
1594 2058 2042 2147 ἐπινοηθέντα
2084 2058 2202 2125 ἐπί
2234 2082 2307 2125 τε
2438 2116 2440 2125 ,

389 2156 625 2249 ὄχθαις
653 2166 966 2249 ποταμῶν
993 2160 1105 2229 καὶ
1133 2162 1349 2247 λιμέσι
1378 2158 1642 2230 πόλεων
1668 2166 1745 2229 ἔν
1769 2188 1843 2230 τε
1869 2156 2048 2231 ὁδῶν
2074 2166 2303 2249 πορεί-

393 2290 519 2349 αις,
547 2260 920 2343 κατοῖλύσας
948 2265 1014 2343 ές
1039 2258 1114 2332 τὸ
1141 2259 1418 2351 ἀρχαῖον
1460 2262 1575 2331 καὶ
1612 2262 1978 2355 ἐλεύθερον
2016 2258 2298 2349 ἀφῆκεν.
2334 2284 2382 2325 2⁰

333 2381 370 2437 8
402 2367 718 2454 ἐμέλλησε
746 2362 813 2436 δ’
845 2360 931 2434 ἂν
957 2372 1052 2435 ἔτι
1085 2366 1198 2434 καὶ
1225 2374 1534 2450 πλείονα,
1580 2360 1669 2447 ὥς
1694 2396 1771 2455 γε
1796 2365 1878 2438 τὰ
1914 2372 2029 2455 τῆς
2064 2391 2299 2455 προαι-

391 2470 635 2558 ρέσεως
696 2471 1150 2556 ἐνεδείκνυτο,
1207 2466 1669 2562 εὐεργετήσειν
1734 2468 1889 2552 τούς
1940 2465 2301 2558 ὑπηκόους,

390 2572 535 2667 ἐπεὶ
561 2572 673 2640 καὶ
699 2570 854 2651 τούς
879 2571 1304 2661 συκοφάντας
1336 2579 1451 2663 τῆς
1492 2572 1746 2655 πόλεως
1784 2566 1871 2664 ἦν
1908 2572 2147 2655 διώξας
2187 2572 2304 2640 καὶ

385 2671 542 2755 τούς
568 2673 994 2764 πανταχόθεν
1033 2682 1448 2767 κολασθῆναι
1492 2676 1842 2764 κελεύσας,
1882 2682 2003 2747 τοῦ
2044 2676 2303 2765 μηδένα

387 2778 870 2869 ἐπηρεάζεσθαι
915 2780 1086 2868 μηδὲ
1131 2786 1431 2870 ματαίοις
1472 2778 1834 2869 ἐγκλήμασι
1874 2787 2300 2871 περιπίπτειν
2328 2805 2377 2847 2⁶

385 2882 896 2971 προνοούμενος.
926 2886 1000 2952 ἐν
1027 2880 1221 2975 ἀδείᾳ
1247 2911 1318 2953 τε
1345 2885 1456 2954 καὶ
1482 2889 1784 2975 μακαρίῳ
1811 2889 1939 2977 βίῳ
1963 2880 2008 2972 ἦ
2031 2910 2103 2951 τε
2128 2880 2295 2969 σύγ-

383 2993 620 3072 κλητος
643 2985 928 3075 μάλιστα
953 2988 1065 3056 καὶ
1092 2992 1160 3057 οἱ
1181 2989 1401 3057 λοιποὶ
1419 2985 1663 3067 πάντες
1690 2984 2058 3073 βιώσεσθαι
2087 3004 2293 3075 προσ-

322 3088 357 3164 9’
387 3086 663 3158 εδόκων.
766 3086 940 3159 οὕτω
980 3086 1108 3179 γὰρ
1147 3092 1407 3179 μέτριος
1453 3090 1565 3157 καὶ
1604 3088 1893 3177 ἰσότιμος
1928 3080 2017 3178 ἦν
2060 3083 2146 3169 ὥς
2182 3088 2297 3156 καὶ

382 3187 501 3260 τὸν
525 3187 680 3260 υἱὸν
705 3187 915 3263 αὑτοῦ
941 3189 1069 3280 ἤδη
1097 3192 1444 3281 μειράκιον
1472 3190 1634 3261 ὅντα
1658 3192 1827 3281 μηδὲ
1855 3196 1921 3273 ές
1946 3189 2073 3281 τὴν
2098 3196 2290 3280 βασί-

381 3301 567 3362 λειον
592 3289 810 3382 αὐλὴν
835 3291 1203 3381 ἀναγαγεῖν
1222 3346 1241 3377 ,
1270 3291 1420 3363 ἀλλ’
1454 3300 1532 3363 ἒν
1555 3322 1627 3364 τε
1652 3300 1733 3385 τῇ
1763 3295 2038 3389 πατρῴᾳ
2063 3296 2293 3384 μένειν
2326 3316 2375 3357 ³⁰

383 3399 594 3485 οἰκία,
636 3397 748 3463 καὶ
801 3399 867 3474 ἐς
904 3392 985 3463 τὰ
1024 3395 1294 3485 συνήθη
1335 3396 1655 3486 προϊόντα
1696 3404 2131 3469 διδασκαλεῖα
2181 3397 2295 3465 καὶ

381 3494 720 3585 γυμνάσια
758 3496 1194 3567 ίδιωτεύοντα
1230 3492 1472 3585 ὁμοίως
1507 3517 1644 3583 τοῖς
1683 3511 1938 3583 λοιποῖς
1976 3498 2288 3570 παιδεύε-
