2475 3859
937 117 1225 180 ΕΚΤΟΝ
1948 120 2065 181 155

131 317 274 379 τος,
305 289 422 366 καὶ
445 287 728 378 μάλιστα
752 294 888 358 τῶν
914 285 1300 378 Ἰλλυρικῶν
1328 295 1777 379 στρατιωτῶν,
1798 297 1868 360 οἳ
1879 287 2067 386 ὑγρῷ

133 395 257 464 καὶ
293 400 608 485 χειμερίῳ
649 388 798 481 ἀέρι
841 395 1291 481 ἐνειθισμένοι
1332 391 1590 484 τροφάς
1634 419 1706 462 τε
1755 402 2065 476 πλείονας

135 497 468 584 συνήθως
511 495 972 585 εἰσφερόμενοι
1011 503 1312 583 χαλεπῶς
1351 502 1709 578 νοσοῦντες
1750 503 2064 586 διεφθεί-

135 627 367 690 ροντο,
388 603 789 669 ἐπανελθεῖν
815 627 886 668 τε
913 603 979 680 ἐς
1004 603 1130 688 τὴν
1161 597 1566 689 Ἀντιόχειαν
1593 601 2062 689 ἐβουλεύσατο,

67 730 103 772 ε
139 704 264 772 καὶ
300 704 562 790 πέμψας
603 701 724 772 τὸν
763 705 838 772 ἐν
873 707 1116 794 Μηδίᾳ
1154 702 1441 792 στρατὸν
1480 705 1881 774 ἐπανελθεῖν
1918 707 2064 776 ἐκέ-
2193 717 2201 725 ’

133 816 406 876 λευσεν.
459 837 484 874 ο
510 809 761 886 ἐκεῖνος
796 805 920 894 μὲν
959 802 994 875 ὁ
1026 804 1303 895 στρατὸς
1332 803 1627 876 ἐπανιῶν
1656 815 1958 889 πλεῖστος
1988 811 2062 880 ἐν
2092 830 2127 882 3

135 925 280 990 τοῖς
307 905 496 998 ὄρεσι
525 907 900 999 διεφθάρη,
947 911 1062 979 καὶ
1086 905 1735 998 ήκρωτηριάσθησαν
1768 908 1893 982 οὐκ
1922 909 2067 982 ὀλί-

135 1041 252 1101 γοι
281 1015 357 1082 ἐν
385 1013 798 1104 δυσχειμέρῳ
823 1009 1040 1104 χώρᾳ,
1071 1009 1161 1092 ῶς
1187 1009 1460 1101 ὀλίγους
1486 1012 1667 1083 πάνυ
1694 1017 1768 1084 ἐκ
1799 1022 2066 1087 πολλῶν

139 1119 578 1186 ἐπανελθεῖν·
609 1112 682 1184 τὸ
713 1115 788 1184 δὲ
816 1114 947 1185 σὺν
973 1112 1155 1207 αὐτῷ
1186 1123 1445 1204 πλῆθος
1474 1112 1509 1186 ὁ
1544 1112 1971 1208 Ἀλέξανδρος
1999 1121 2067 1199 ἐς

57 1254 108 1295 ιο
143 1217 274 1307 τὴν
313 1214 722 1305 Ἀντιόχειαν
764 1218 1173 1308 ἐπανήγαγε,
1221 1225 1491 1290 πολλῶν
1548 1221 1662 1288 καὶ
1703 1225 1769 1302 ἐξ
1810 1224 2067 1310 ἐκείνης

142 1329 262 1410 τῆς
287 1328 526 1411 μοίρας
553 1318 1029 1409 ἀπολωλότων,
1077 1318 1166 1401 ῶς
1205 1330 1525 1411 μεγίστην
1566 1325 1865 1411 ἐνεγκεῖν
1898 1330 2067 1394 δυσ-

143 1430 412 1512 θυμίαν
438 1431 528 1518 τῷ
556 1432 815 1516 στρατῷ
841 1427 954 1494 καὶ
985 1422 1399 1518 Ἀλεξάνδρῳ
1428 1423 1725 1514 ἀδοξίαν,
1745 1431 2068 1516 σφαλέντι

143 1529 264 1597 καὶ
288 1527 521 1618 γνώμῃ
540 1529 654 1598 καὶ
679 1527 866 1618 τύχη,
897 1529 1010 1598 καὶ
1039 1533 1174 1596 τῶν
1201 1535 1409 1616 τριῶν
1434 1537 1689 1618 μοιρῶν
1713 1537 1835 1600 τοῦ
1864 1556 2069 1622 στρα-

145 1636 271 1700 τοῦ
303 1620 400 1700 ῶν
429 1637 648 1719 ἔνειμε
673 1628 748 1701 τὸ
765 1639 1079 1702 πλεῖστον
1097 1627 1507 1719 ἀποβαλόντι
1528 1632 1877 1724 διαφόροις
1896 1655 2069 1723 συμ-

63 1770 112 1810 15
147 1747 428 1824 φοραῖς,
455 1733 636 1828 νόσῳ
663 1736 928 1826 πολέμῳ
956 1733 1169 1823 κρύει.

357 1836 714 1926 γενόμενος
733 1837 807 1906 δὲ
825 1841 898 1906 ἐν
923 1844 1004 1926 τῇ
1037 1832 1400 1928 Ἀντιοχείᾳ
1416 1831 1453 1905 ὅ
1486 1832 1915 1926 Ἀλέξανδρος
1940 1834 2067 1908 αὖ-
2101 1856 2136 1909 4

146 1939 260 2022 τός
288 1967 360 2010 τε
389 1943 636 2032 ῥᾳδίως
662 1939 1056 2029 ἐπερρώσθη
1098 1946 1192 2032 τῷ
1221 1936 1506 2027 εὐψυχεῖ
1525 1941 1637 2009 καὶ
1665 1937 1928 2033 ἐνύδρῳ
1957 1947 2073 2029 τῆς

147 2043 409 2124 πόλεως
431 2041 596 2132 μετὰ
624 2041 744 2113 τὸν
770 2047 845 2112 ἐν
869 2049 1357 2133 Μεσοποταμίᾳ
1376 2040 1581 2132 ξηρὸν
1609 2039 1887 2132 αὐχμόν,
1914 2043 2072 2124 τούς

150 2174 224 2216 τε
255 2146 660 2236 στρατιώτας
687 2142 1042 2234 ἀνεκτᾶτο,
1070 2147 1186 2215 καὶ
1226 2142 1340 2234 ἐφ’
1382 2141 1481 2227 οἷς
1518 2146 1891 2234 λελύπηντο
1919 2174 2069 2227 ,πα-

65 2279 118 2321 2⁰
153 2260 518 2340 ρεμυθεῖτο
545 2255 1011 2342 μεγαλοδωρίᾳ
1036 2248 1419 2338 χρημάτων·
1462 2256 1657 2318 τοῦτο
1695 2241 1822 2338 γάρ
1863 2249 2072 2338 μόνον

149 2355 221 2434 ἐς
253 2349 521 2434 εὐνοίας
547 2350 913 2440 ἀνάκτησιν
939 2358 1363 2442 στρατιωτῶν
1406 2350 1659 2439 ἐνόμιζε
1695 2353 2069 2442 φάρμακον.

151 2456 450 2543 δύναμίν
483 2483 556 2526 τε
589 2451 860 2546 ἤθροιζε
896 2457 1010 2526 καὶ
1053 2455 1547 2546 παρεσκεύαζεν
1586 2452 1675 2538 ῶς
1729 2455 1813 2544 δὴ
1868 2456 2071 2527 πάλιν

149 2558 416 2642 ἐπάξων
469 2561 794 2649 Πέρσαις,
851 2564 913 2627 εἰ
962 2562 1301 2645 ἐνοχλοῖεν
1348 2560 1462 2628 καὶ
1514 2557 1602 2646 μὴ
1658 2555 2067 2646 ἡσυχάζοιεν.

149 2659 604 2750 ἀπηγγέλλετο
631 2662 708 2731 δὲ
739 2663 853 2730 καὶ
881 2656 914 2730 ὅ
948 2664 1214 2749 Πέρσης
1246 2660 1454 2741 λύσας
1480 2661 1609 2749 τὴν
1636 2661 1929 2750 δύναμιν
1954 2664 2068 2731 καὶ
2098 2689 2131 2741 5

65 2803 118 2842 ως
153 2765 472 2847 ἑκάστους
501 2768 567 2846 ἐς
593 2762 674 2833 τὰ
710 2766 968 2834 ἑαυτῶν
1000 2758 1412 2851 ἀποπέμψας.
1470 2770 1534 2833 εἰ
1557 2761 1683 2853 γὰρ
1710 2765 1827 2834 καὶ
1852 2769 1925 2834 ἐκ
1950 2771 2071 2834 τοῦ

149 2874 533 2958 κρείττονος
561 2863 914 2957 ὑπέρτεροι
941 2864 1226 2937 ἐδόκουν
1264 2872 1673 2953 γεγενῆσθαι
1711 2872 1783 2935 οἱ
1814 2866 2073 2956 βάρβα-

153 2998 300 3062 ροι,
345 2969 524 3058 πλὴν
568 2967 744 3059 ὅμως
787 2970 1230 3060 ἐτετρύχωντο
1278 2984 1420 3050 ταῖς
1463 2996 1536 3038 τε
1583 2966 1751 3038 κατὰ
1790 2975 2072 3057 Μηδίαν

151 3073 477 3154 πολλάκις
529 3076 918 3162 γενομέναις
983 3080 1351 3162 συμβολαῖς
1400 3077 1481 3161 τῇ
1536 3099 1607 3140 τε
1661 3075 1736 3141 ἐν
1789 3081 2072 3164 Παρθίᾳ

151 3175 329 3266 μάχῃ
346 3227 366 3264 ,
395 3183 665 3247 πολλῶν
695 3177 820 3264 μὲν
844 3175 1188 3246 πεσόντων
1217 3182 1691 3264 παμπλείστων
1724 3175 1799 3244 δὲ
1825 3203 2071 3264 τετρω-

66 3310 122 3354 an
153 3281 400 3367 μένων.
455 3276 538 3348 οὐ
567 3278 696 3369 γάρ
725 3276 1074 3368 ἀνάνδρως
1100 3283 1169 3348 oc
1190 3275 1491 3366 Ῥωμαῖοι
1511 3274 1919 3367 ἡττήθησαν,
1950 3275 2072 3346 ἀλ-

154 3380 241 3451 λά
281 3384 396 3452 καὶ
435 3380 631 3452 αὐτοὶ
667 3379 826 3462 τοὺς
867 3389 1224 3470 πολεμίους
1264 3379 1414 3452 ἔσθ’
1462 3377 1594 3472 ὅπη
1631 3382 2071 3468 κακώσαντες,

154 3482 338 3578 παρὰ
363 3492 562 3556 τοῦτο
591 3486 665 3556 δὲ
692 3481 1094 3573 ἀπολόμενοι
1105 3482 1272 3575 παρ’
1304 3481 1467 3556 ὅσον
1492 3484 1737 3575 πλήθει
1764 3484 2075 3568 ἐλάττους
