2475 3859
363 161 484 225 148
1194 166 1488 229 ΕΚΤΟΝ

361 334 658 425 ἅπαντα,
683 338 1104 426 κατατρέχων
1131 364 1202 409 τε
1242 341 1359 409 καὶ
1402 337 1848 411 καθιππεύων
1874 347 2288 411 Μεσοποτα-

363 449 525 531 μίαν
554 448 736 523 λείας
772 468 844 511 τε
885 437 1263 530 ἀπήλαυνε,
1304 445 1418 513 καὶ
1456 441 1541 512 τὰ·
1576 445 1959 531 ἐπικείμενα
1998 445 2287 533 στρατό-

363 550 534 617 πεδα
559 560 700 626 ταῖς
725 540 962 632 ὄχθαις
1001 552 1138 615 τῶν
1179 552 1495 635 ποταμῶν
1522 546 2010 635 προασπίζοντά
2046 558 2121 617 τε
2164 554 2286 634 τῆς

354 645 692 738 Ῥωμαίων
720 645 921 736 ἀρχῆς
949 647 1341 737 ἐπολιόρκει.
1398 650 1599 738 φύσει
1635 646 1699 720 δ’
1734 644 1833 719 ῶν
1857 648 2136 738 ἀλαζών,
2164 652 2285 719 καὶ

364 768 507 833 ταῖς
559 747 719 841 παρ’
778 754 1051 831 ἐλπίδας
1111 748 1504 840 εὐπραγίαις
1554 752 2021 841 ἐπαιρόμενος,
2060 752 2287 823 πάντα
2314 780 2337 820 5

299 871 334 926 6
368 859 616 947 ῥαδίως
640 852 1092 941 χειρώσασθαι
1122 856 1518 945 προσεδόκα.
1552 847 1639 943 ἦν
1668 856 1743 925 δὲ
1768 852 1978 925 αὐτὸν
2004 852 2087 925 τὰ
2112 852 2286 925 ἄνα-

363 965 690 1029 πείθοντα
745 954 826 1027 οὐ
879 956 1084 1048 μικρὰ
1148 962 1214 1039 ἐς
1280 962 1652 1048 ἐπιθυμία-ν
1706 955 1908 1047 ἀρχῆς
1959 965 2283 1046 μείζονος.

363 1068 622 1149 πρῶτος
674 1058 802 1150 γὰρ
847 1068 1134 1151 Περσῶν
1175 1063 1495 1150 ἐτόλμησε
1528 1069 1609 1151 τῇ
1649 1067 2073 1150 Παρθυαίων
2114 1057 2284 1150 ἀρχῇ

363 1168 724 1233 ἐπιθέσθαι
751 1166 1043 1252 Πέρσαις
1075 1192 1148 1235 τε
1192 1164 1317 1253 τὴν
1354 1172 1705 1254 βασιλείαν
1744 1160 2280 1234 ἀνανεώσασθαι.

361 1265 525 1355 μετὰ
553 1265 679 1354 γὰρ
706 1276 1002 1353 Δαρεῖον
1027 1264 1146 1337 τὸν
1171 1264 1292 1339 ὑπ’
1331 1265 1771 1359 Ἀλεξάνδρου
1806 1274 1928 1337 τοῦ
1955 1266 2277 1337 Μακεδό·
2312 1288 2351 1329 1⁰

364 1397 478 1449 νος
517 1377 632 1457 τῆς
675 1362 876 1461 ἀρχῆς
915 1373 1430 1460 παραλυθέντα,
1474 1376 1946 1460 παμπλείστοις
1991 1373 2065 1439 ἐν
2108 1376 2280 1439 ἔτεσι

363 1472 760 1555 Μακεδόνες
785 1472 911 1561 μὲν
945 1476 1057 1543 καὶ
1085 1479 1157 1543 οἰ
1186 1473 1627 1562 Ἀλεξάνδρου
1656 1473 1955 1561 διάδοχοι
1980 1480 2121 1541 τῶν
2147 1468 2275 1542 ὑπὸ

365 1590 508 1656 ταῖς
535 1573 885 1657 ἀνατολαῖς
911 1579 1137 1647 ἐθνῶν
1158 1580 1271 1647 καὶ
1300 1575 1447 1648 κατ’
1484 1574 1712 1647 Ἀσίαν
1732 1572 2017 1665 ἅπασαν,
2045 1574 2279 1665 νειμά-

303 1688 334 1743 7
371 1706 559 1767 μενοι
586 1676 752 1749 κατὰ
777 1678 1024 1771 χώρας,
1051 1683 1515 1769 ἐβασίλευσαν.
1557 1684 1835 1750 ἐκείνων
1863 1679 1939 1749 δὲ
1966 1678 2135 1768 πρὸς
2162 1676 2278 1748 άλ-

365 1783 608 1871 λήλους
635 1786 1175 1873 διαφερομένων,
1205 1787 1516 1872 πολέμοις
1543 1811 1615 1853 τε
1642 1784 1949 1869 συνεχέσι
1974 1789 2090 1870 τῆς
2117 1790 2277 1851 Μα-
2309 1804 2345 1845 ¹5

364 1886 664 1957 κεδόνων
709 1887 1056 1975 δυνάμεως
1105 1886 1628 1975 έξασθενούσης,
1671 1891 1929 1973 πρῶτος
1962 1882 2281 1973 Ἀρσάκης

366 1991 662 2079 λέγεται,
704 1987 778 2061 τὸ
819 1992 1011 2080 γένος
1052 1998 1489 2082 Παρθυαῖος,
1536 1986 1889 2059 ἀναπεῖσαι
1930 1986 2090 2069 τούς
2128 1991 2280 2059 ε’πέ-

366 2120 557 2163 κεινα
598 2093 982 2182 βαρβάρους
1019 2090 1387 2183 ἀποστῆναι
1414 2091 1869 2163 Μακεδόνων·
1919 2094 2281 2180 περιθέμε-
2400 2120 2402 2132 ²

363 2195 482 2277 νός
509 2223 580 2265 τε
607 2194 682 2265 τὸ
713 2196 1006 2284 διάδημα
1025 2196 1319 2267 ἑκόντων
1340 2203 1765 2283 Παρθυαίων
1782 2196 1895 2265 καὶ
1914 2200 2051 2265 τῶν
2070 2216 2278 2287 προσ-

364 2296 602 2386 χώρων
651 2299 1016 2388 βαρβάρων
1054 2297 1255 2381 αὐτός
1298 2326 1371 2369 τε
1410 2304 1833 2387 ἐβασίλευσε,
1873 2299 1986 2367 καὶ
2022 2312 2163 2379 τοῖς
2212 2300 2273 2379 ἐξ
2302 2324 2345 2363 m

367 2404 630 2470 ἐκείνου
658 2408 780 2470 τοῦ
816 2404 1054 2491 γένους
1098 2403 1208 2473 ἐπὶ
1250 2411 1564 2472 πλεῖστον
1601 2403 1973 2489 παρέμενεν
2008 2396 2049 2488 ἡ
2090 2396 2275 2489 ἀρχή,

366 2504 592 2593 μέχρις
622 2499 1038 2592 Ἀρταβάνου
1069 2512 1189 2574 τοῦ
1217 2502 1382 2574 καθ’
1414 2501 1583 2593 ἡμᾶς
1611 2507 1998 2595 γενομένου,
2026 2499 2110 2573 ὃν
2128 2500 2276 2591 Ἀρ-

367 2608 675 2695 ταξέρξης
703 2603 1099 2689 ἀποκτείνας
1123 2610 1417 2695 Πέρσαις
1456 2608 1579 2697 τὴν
1614 2606 1825 2696 ἀρχὴν
1852 2602 2271 2693 ἀνεκτήσατο,

367 2710 448 2779 τά
476 2737 547 2781 τε
573 2717 964 2799 γειτνιῶντα
993 2717 1162 2801 ἔθνη
1190 2712 1496 2802 βάρβαρα
1522 2709 2005 2800 χειρωσάμενος
2034 2712 2273 2801 ῥαδίως
2394 2750 2396 2798 ἑ

372 2810 459 2901 ’ἥδ
467 2842 502 2902 η
529 2816 643 2884 καὶ
674 2820 754 2905 τῇ
783 2811 1120 2902 Ῥωμαίων
1146 2811 1313 2905 ἀρχῇ
1343 2816 1850 2903 ἐπεβούλευσεν.
2298 2835 2341 2875 2⁵

307 2910 344 2971 3
575 2914 663 2999 ῶς
693 2917 767 2988 δε
793 2924 884 3010 τῷ
909 2916 1319 3011 Ἀλεξάνδρω
1337 2916 1647 3007 ἐδηλώθη
1676 2916 2135 3006 διατρίβοντι’
2102 2940 2175 2983 εν
2199 2918 2271 3001 τῆ
2392 2956 2394 3001 2

359 3015 571 3110 Ρώμη
608 3018 690 3089 τὰ
719 3019 886 3090 κατὰ
923 3049 1038 3103 τας
1077 3019 1402 3103 ανατολας
1442 3018 1576 3092 ὑπὸ
1604 3028 1723 3090 τοῦ
1757 3016 2101 3110 βαρβάρου
2128 3023 2271 3085 τολ-
2392 3010 2394 3020 '

371 3122 676 3211 μώμενα,
712 3120 838 3193 οὐκ
866 3122 1192 3213 ἀνασχετα
1219 3121 1608 3213 ἡγούμενος,
1637 3123 2026 3193 καλούντων
2051 3119 2128 3189 δὲ
2152 3115 2269 3187 αύ-
2390 3202 2392 3213 ¹

372 3223 492 3294 τὸν
522 3228 636 3295 καὶ
669 3233 804 3295 τῶν
831 3225 1094 3297 ἐκεῖσε*
1059 3228 1431 3315 ηγεμόνων,
1452 3225 1797 3314 ἀσχάλλων
1823 3226 1947 3314 μὲν
1974 3224 2086 3291 καὶ
2100 3248 2269 3307 παρα
2390 3220 2392 3242 “

373 3326 681 3415 γνώμην,
710 3355 887 3416 ομως
913 3326 978 3398 δ’
1009 3336 1157 3415 ἔσχε
1184 3330 1339 3416 περὶ
1368 3332 1617 3412 ἔξοδον.
1695 3336 1770 3399 ἔκ
1811 3354 1883 3397 τε
1922 3354 2049 3397 ουν
2076 3321 2269 3411 αὐτῆς
2296 3362 2341 3401 ³⁰

365 3422 639 3508 Ἰταλίας
663 3432 771 3497 καὶ
801 3436 937 3497 τῶν
975 3428 1106 3499 ὑπὸ
1141 3426 1476 3517 Ῥωμαίοις
1504 3432 1774 3501 πάντων
1812 3433 2038 3503 ἐθνῶν
2076 3427 2266 3516 λογά-

376 3532 486 3607 δες
515 3531 580 3607 ἐς
605 3527 728 3616 τὴν
753 3530 1068 3620 στρατιὰν
1095 3529 1525 3633 ἡθροίζοντο,
1554 3530 1701 3605 ὅσοι
1728 3532 2025 3621 σώματος
2052 3530 2263 3620 εὐεξίᾳ
2386 3578 2389 3686 ἱ
