2475 3859
841 142 1148 201 TPITON
1860 139 1938 202 83

16 309 242 382 αὐτοῦ
269 315 520 402 ἐχρῆτο.
536 393 555 409 1
576 312 688 381 καὶ
714 316 974 402 πέμψας
1000 310 1124 401 τὴν
1149 310 1454 400 κεφαλὴν
1478 318 1599 383 τοῦ
1628 308 1938 403 Ἀλβίνου

16 422 316 507 δημοσίᾳ
359 413 970 506 ἀνασταυρωθῆναι
1008 414 1303 485 κελεύει·
1344 415 1687 505 γράμμασί
1734 444 1804 487 τε
1846 424 1937 510 τῷ

15 519 214 612 δήμῳ
243 518 366 608 τὴν
399 526 600 606 νίκην
629 522 874 590 ἑαυτοῦ
915 518 1218 608 δηλώσας
1256 520 1365 588 ἐπὶ
1401 521 1575 589 τέλει
1601 520 1935 591 καὶτοῦτο

14 625 436 711 προσέθηκε,
465 625 885 711 πεπομφέναι
913 620 1036 711 τὴν
1067 620 1372 712 κεφαλὴν
1411 618 1624 693 αὐτοῦ
1654 628 1939 715 δημοσίᾳ

16 732 423 813 περίοπτον,
453 731 566 795 ἵνα
593 722 796 807 αὐτὸς
831 720 978 795 οἷόν
1018 750 1143 813 περ
1183 727 1532 796 ἐδείκνυεν
1563 721 1776 796 αὑτοῦ
1818 724 1937 795 τὸν

11 827 252 916 θυμὸν
293 834 405 919 ἴδῃ
445 830 560 897 καὶ
596 827 722 917 τὴν
750 827 918 918 πρὸς
949 831 1249 910 ἐκείνους
1286 825 1516 919 ὀργήν.
1599 828 1937 917 διοικήσας
1962 850 1997 903 2

15 932 94 1000 δὲ
125 930 208 1000 τὰ
232 930 400 1001 κατὰ
429 929 552 1020 τὴν
582 939 993 1023 Βρεττανίαν
1019 934 1132 1001 καὶ
1161 928 1408 1001 διελων
1435 935 1501 1014 ἐς
1533 934 1657 1004 δύο
1692 928 1936 1021 ἡγεμο-

13 1041 170 1115 νίας
206 1033 332 1122 τὴν
368 1041 490 1103 τοῦ
529 1040 778 1116 ἔθνους
815 1037 1158 1123 ἐξουσίαν,
1189 1031 1273 1104 τά
1308 1062 1381 1105 τε
1417 1034 1585 1105 κατὰ
1616 1032 1729 1116 τὰς
1759 1041 1937 1105 Γαλ-

15 1144 199 1225 λίας,
235 1134 328 1218 ὦς
353 1134 551 1230 ᾤετο,
579 1135 815 1229 ἄριστα
844 1144 1126 1225 διαθείς,
1156 1138 1410 1220 πάντας
1434 1166 1507 1209 τε
1532 1137 1690 1220 τοὺς
1712 1134 1927 1226 Ἀλβί-

16 1345 519 1431 γνωρισθέντας
547 1344 904 1431 φονεύσας,
921 1343 1035 1425 τάς
1063 1372 1137 1414 τε
1163 1340 1397 1426 οὐσίας
1424 1342 1651 1415 αὐτῶν
1680 1345 1933 1433 δημεύ-

14 1467 138 1527 σας
153 1499 171 1534 ,
201 1450 268 1526 ἐς
293 1445 415 1534 τὴν
442 1443 696 1536 Ῥώμην
721 1444 1066 1536 ἠπείγετο,
1097 1444 1284 1535 ἄγων
1312 1443 1573 1518 ἅπαντα
1590 1446 1710 1517 τὸν
1726 1470 1930 1536 στρα-

17 1548 152 1617 τὸν
179 1548 312 1619 σύν
342 1545 554 1641 αὐτῷ,
601 1547 692 1630 ὥς
726 1558 970 1638 φανείη
1010 1550 1492 1641 φοβερώτερος.
1550 1548 1803 1631 ἀνύσας
1842 1548 1925 1639 δὴ
1956 1566 1991 1621 3

15 1659 244 1745 πολλῷ
287 1651 408 1742 τὴν
447 1650 840 1741 ὁδοιπορίαν
875 1653 1088 1741 τάχει,
1141 1674 1364 1777 ωσπερ
1405 1644 1493 1741 ἦν
1530 1660 1687 1735 ἔθος
1726 1649 1929 1744 αὐτῷ,

17 1763 438 1842 χαλεπαίνων
475 1754 641 1846 πρὸς
683 1763 778 1825 ἔτι
816 1756 1167 1844 περιόντας
1193 1753 1351 1836 τοὺς
1386 1758 1647 1826 ἐκείνου
1689 1762 1931 1845 φίλους

18 1863 82 1939 ἐς
124 1857 248 1945 τὴν
275 1855 526 1948 Ῥωμην
566 1858 932 1948 εἰσήλασεν.
987 1854 1024 1927 ὁ
1069 1858 1145 1929 δὲ
1183 1864 1391 1947 δῆμος
1422 1854 1631 1929 αὐτὸν
1664 1864 1930 1947 δαφνη-

17 1968 254 2049 φορῶν
277 1960 442 2050 μετὰ
467 1986 680 2051 πασης
719 1968 909 2084 τιμῆς
935 1962 1048 2031 καὶ
1086 1957 1421 2051 εὐφημίας
1458 1956 1929 2048 ὑπεδέξατο,“
1884 1988 1928 2049 η

17 2090 86 2133 τε
112 2064 484 2154 σύγκλητος
509 2065 1082 2156 προσηγόρευσαν,
1121 2070 1193 2134 οἱ
1218 2072 1512 2135 πλεῖστοι
1540 2068 1615 2135 ἐν
1639 2070 1929 2155 μεγίστῳ

19 2169 155 2236 δέει
184 2172 634 2253 καθεστωτες,
663 2164 1148 2256 λογιζόμενοι
1107 2196 1210 2238 οτι
1240 2164 1465 2237 αὐτων
1492 2164 1577 2237 οὐ
1605 2174 1927 2256 φείσεται,

19 2270 224 2359 φύσει
264 2271 388 2358 μὲν
429 2265 526 2340 αἳν
567 2268 808 2358 ἐχθρὰς
847 2270 1302 2359 χαλεπώτατος
1338 2272 1453 2340 καὶ
1494 2278 1733 2359 μικρᾶς
1758 2284 1929 2360 προ-

18 2373 283 2461 φάσεως
310 2373 625 2462 δεόμενος
651 2376 718 2454 ἐς
755 2373 833 2442 τὸ1
869 2370 1215 2461 ἀδικῆσαι,
1258 2374 1405 2444 τότε
1445 2373 1519 2443 δὲ
1562 2378 1783 2444 δοκῶν
1813 2374 1927 2443 καὶ

18 2473 342 2564 εὐλόγους
369 2484 546 2565 ἔχειν
575 2482 805 2557 αἰτίας.
911 2473 946 2545 ὁ
992 2473 1055 2545 δ’
1099 2466 1228 2546 οὖν
1258 2483 1559 2565 Σεεῆρος
1588 2480 1654 2558 ἐς
1702 2476 1773 2546 τὸ
1804 2482 1925 2545 τοῦ
1956 2500 1991 2553 4

16 2579 182 2659 Διὸς
200 2582 468 2667 τέμενος
492 2576 806 2649 ἀνελθὼν
830 2576 1076 2659 καὶτὰς
1099 2578 1336 2659 λοιπὰς
1361 2581 1627 2660 τελέσας
1656 2585 1926 2668 ἱερουρ-

13 2689 161 2769 γίας
189 2685 572 2771 ἐπανῆλθεν
603 2686 670 2764 ἐς
711 2680 795 2751 τὰ
833 2689 1170 2771 βασίλεια,
1211 2683 1326 2751 καὶ
1363 2688 1455 2774 τῷ
1494 2681 1683 2775 δήμῳ
1710 2680 1927 2771 πρού·

18 2796 233 2874 θηκεν
259 2788 366 2855 ἐπὶ
393 2800 536 2865 ταῖς
571 2791 790 2865 νίκαις
828 2791 1138 2873 μεγίστας
1175 2784 1403 2871 νόμας.
1458 2799 1599 2864 τοῖς
1624 2812 1694 2853 τε
1720 2806 1921 2871 στρα-

15 2887 277 2969 τιώταις
303 2891 596 2958 ἐπέδωκε
621 2888 918 2976 χρήματα
935 2894 1228 2973 πλεῖστα,
1250 2883 1419 2956 ἄλλα
1432 2912 1505 2956 τε
1522 2884 1738 2957 πολλὰ
1754 2907 1921 2955 συν-

17 2990 350 3081 εχώρησεν
391 2987 436 3061 ἃ
476 2989 568 3080 μὴ
609 2991 938 3082 πρότερον
965 2988 1178 3077 εἶχον·
1223 2991 1337 3058 καὶ
1376 2986 1503 3079 γὰρ
1546 2987 1621 3057 τὸ
1650 2990 1917 3075 σιτηρέ-
1950 3010 1983 3062 5

15 3116 163 3164 σιον
191 3100 448 3182 πρῶτος
471 3091 762 3183 ηὔξησεν
789 3090 1048 3180 αὐτοῖς,
1090 3093 1202 3161 καὶ
1235 3097 1619 3173 δακτυλίοις
1648 3106 1919 3181 χρυσοῖς

17 3197 388 3285 χρήσασθαι
403 3199 720 3286 ἐπέτρεψε
733 3198 1003 3284 γυναιξί
1016 3222 1086 3265 τε
1099 3209 1463 3282 συνοικεῖν,
1479 3190 1647 3281 ἅπερ
1664 3190 1923 3264 ἅπαντα

19 3299 461 3390 σωφροσύνης
489 3306 958 3389 στρατιωτικῆς
984 3300 1098 3368 καὶ
1135 3305 1257 3367 τοῦ
1296 3296 1462 3389 πρὸς
1489 3296 1608 3367 τὸν
1634 3298 1923 3385 πόλεμον

17 3405 278 3491 ἑτοίμου
329 3431 400 3473 τε
453 3405 568 3472 καὶ
621 3400 982 3482 εὐσταλοῦς
1015 3398 1330 3491 ἀλλότρια
1381 3404 1726 3489 ἐνομίζετο.
1811 3401 1926 3469 καὶ

17 3505 270 3597 πρῶτός
305 3534 382 3594 γε
409 3509 662 3585 ἐκεῖνος
685 3505 760 3576 τὸ
797 3504 976 3575 πάνυ
1019 3501 1247 3575 αὐτῶν
1275 3506 1654 3595 ἐρρωμένον
1692 3505 1802 3574 καὶ
1846 3500 1919 3573 τὸ

1511 3621 1549 3682 6
1565 3622 1600 3660 ae
