2475 3859
797 173 1236 233 TETAPTON
1840 173 1956 233 105
2066 129 2073 137 ’

35 345 285 427 σκέψις
325 340 866 432 ἀπεδοκιμάσθη,
908 339 1213 434 ἑκάτερός
1250 372 1321 412 τε
1362 346 1429 424 ἐς
1454 341 1534 413 τὰ
1560 346 1803 414 ἑαυτοῦ
1830 353 1958 434 βα-

34 456 268 517 σίλεια
295 444 690 534 ἀνεχώρησε.

257 548 331 619 τὸ
361 550 435 619 δὲ
461 565 648 637 μῖσος
687 550 801 619 καὶ
839 544 880 637 ἡ
923 549 1146 631 στάσις
1171 543 1425 635 ηὔξετο.
1482 560 1615 619 εἴτε
1639 548 1768 638 γὰρ
1793 546 1951 639 ἡγε-
1975 557 2013 614 4

40 648 329 741 μόναςῆ
367 650 688 744 ἄρχοντας
725 656 863 721 ἔδει
913 668 1163 738 ποιεῖν,
1209 648 1516 747 ἑκάτερος
1554 650 1673 722 τὸν
1712 655 1955 722 ἑαυτοῦ

0 794 6 831 5
45 765 265 845 φίλον
303 755 624 845 προάγειν
663 752 942 843 ἤθελεν,
988 766 1117 825 εἴτε
1159 756 1519 843 δικάζοιεν,
1568 754 1648 825 τα
1687 748 1955 826 ἐναντία

41 859 423 948 ἐφρόνουν,
476 856 581 928 ἐπ’
641 856 904 951 ὀλέθρῳ
944 866 1080 927 τῶν
1125 862 1575 947 δικαζομένων
1612 856 1762 928 ἔσθ’
1808 855 1951 929 ὅτε·

39 966 256 1033 πλέον
282 960 410 1051 γὰρ
440 952 526 1049 ἦν
552 958 710 1052 παρ’
743 958 970 1042 αὐτοῖς
999 968 1116 1030 τοῦ
1146 966 1415 1030 δικαίου
1442 960 1515 1031 τὸ
1548 961 1953 1050 φιλόνεικον.

39 1072 122 1135 ἒν
148 1093 222 1135 τε
249 1065 538 1153 θεάμασι
563 1067 716 1152 περὶ
743 1063 824 1133 τὰ
849 1069 1119 1135 ἐναντία
1146 1064 1571 1149 ἐσπούδαζον.
1643 1064 1857 1135 πάντα
1885 1094 1957 1136 τε
1985 1076 2021 1127 2

43 1175 197 1257 εἴδη
225 1172 581 1257 ἐπιβουλῆς
609 1168 956 1256 ἐξήρτυον,
987 1167 1330 1255 οἰνοχόους
1356 1195 1426 1237 τε
1453 1170 1563 1237 καὶ
1593 1165 1956 1250 ὀψοποιοὺς

0 1306 7 1339 ι
43 1268 414 1341 ἀνέπειθον
441 1274 753 1359 ἐμβαλεῖν
793 1271 1157 1359 δηλητήρια
1188 1268 1523 1360 φάρμακα.
1598 1269 1679 1340 οὐ
1709 1276 1955 1363 ῥᾳδίως

42 1376 122 1445 δὲ
147 1372 377 1444 αὐτῶν
416 1370 748 1466 οὖδετέρω
787 1374 1187 1462 προεχώρει,
1227 1372 1457 1462 ἐπειδὴ
1503 1373 1667 1461 μετὰ
1706 1382 1955 1463 πολλῆς

41 1481 419 1565 ἐπιμελείας
445 1480 556 1546 καὶ
586 1483 886 1602 φρουρᾶς
915 1482 1254 1566 διῃτῶντο
1292 1480 1478 1558 τέλος
1504 1477 1579 1546 δε
1606 1477 1695 1566 μὴ
1724 1480 1953 1569 φέρων

41 1577 79 1650 5
117 1577 542 1668 Ἀντωνῖνος,
573 1576 720 1649 ἀλλ’
755 1576 890 1650 ὑπὸ
917 1588 1032 1667 τῆς
1073 1582 1228 1671 περὶ
1264 1578 1387 1669 τὴν
1412 1589 1778 1669 μοναρχίαν
1806 1585 1953 1651 ἐπι-

39 1691 298 1773 θυμίας
325 1683 784 1771 ἐλαυνόμενος,
815 1685 1058 1770 διέγνω
1086 1688 1335 1771 δρᾶσαί
1360 1712 1423 1752 τι
1451 1677 1495 1771 ἢ
1520 1695 1769 1753 παθεῖν
1794 1712 1953 1773 γεν-

0 1803 262 1873 εναῖον,
294 1785 404 1856 διὰ
429 1790 664 1874 ξίφους
690 1785 992 1876 χωρήσας
1018 1786 1130 1854 καὶ
1157 1785 1407 1873 φόνου·
1435 1784 1525 1873 μὴ
1554 1786 1945 1876 προχωρού-
1976 1800 2011 1853 3

41 1912 160 1978 σης
185 1888 315 1977 γὰρ
355 1897 469 1976 τῆς
493 1888 964 1976 λανθανούσης
989 1892 1348 1977 ἐπιβουλῆς
1386 1885 1818 1976 οἰναγκαίανε
1782 1888 1951 1978 ηγή-

42 2014 203 2062 σατο
231 1990 354 2081 τὴν
391 1992 776 2079 κινδυνώδη
815 2019 886 2060 τε
924 1994 1037 2060 καὶ
1075 1988 1595 2080 ἀπεγνωσμένην
1635 2044 1649 2059 .
1683 2045 1697 2058 .
1730 2046 1745 2060 .
1778 2045 1792 2060 .
1832 1999 1949 2080 τῆς

40 2096 166 2184 μὲν
198 2093 308 2165 διὰ
337 2092 624 2184 στοργὴν
668 2102 788 2165 τοῦ
817 2094 891 2163 δὲ
919 2091 1012 2165 δι’
1045 2094 1427 2183 ἐπιβουλήν.

245 2201 452 2279 Γέτας
501 2198 624 2286 μὲν
678 2197 760 2285 δὴ
805 2204 1080 2287 καιρίως
1117 2206 1435 2288 τρωθείς,
1464 2198 1786 2285 προσχέας
1834 2193 1907 2265 τὸ
1924 2230 1959 2257 a·
1982 2222 2052 2257 212

0 2335 14 2375 ι
45 2295 208 2389 αἷμα
237 2317 374 2381 τοῖς
413 2308 528 2388 τῆς
567 2300 810 2389 μητρὸς
849 2299 1168 2387 στήθεσι,
1209 2301 1566 2389 μετήλλαξε
1606 2298 1725 2368 τὸν
1759 2305 1943 2387 βίον·

41 2401 78 2473 5
109 2401 174 2473 δ’
203 2400 592 2484 Ἀντωνῖνος
611 2407 1176 2491 κατεργασθέντος
1197 2401 1379 2497 αὐτῷ
1399 2411 1520 2473 τοῦ
1544 2402 1761 2490 φόνου
1780 2428 1950 2492 προ-

39 2512 220 2597 πηδᾷ
247 2513 369 2576 τοῦ
402 2512 742 2594 δωματίου
768 2510 972 2592 θέων,
995 2506 1364 2596 φερόμενός
1391 2534 1462 2576 τε
1490 2504 1585 2575 δι’
1618 2502 1797 2575 ὅλων
1814 2512 1950 2574 τῶν

38 2612 398 2698 βασιλείων
424 2610 579 2697 ἐβόα
625 2612 834 2697 μέγαν
871 2615 1197 2678 κίνδυνον
1236 2613 1721 2698 ἐκπεφευγέναι
1758 2608 1946 2696 μόλις
1974 2622 2012 2675 4

39 2741 111 2782 τε
155 2719 484 2800 σωθῆναι.
563 2712 718 2793 τούς
761 2738 833 2781 τε
873 2711 1309 2799 στρατιώτας,
1350 2721 1419 2781 οἳ
1452 2720 1831 2837 φρουροῦσι
1868 2709 1949 2779 τὰ

0 2842 11 2883 ⁵
43 2822 380 2905 βασίλεια,
422 2814 685 2885 κελευει
735 2810 942 2884 αυτὸν
985 2810 1409 2903 ἁρπασαντας
1450 2811 1732 2917 ἀπάγειν
1772 2816 1837 2893 ἐς
1871 2812 1945 2881 τὰ

40 2919 526 3008 στρατόπεδον,
575 2946 666 2999 ως
709 2913 794 2987 ἂν
845 2923 1038 3005 σωθῇ
1083 2920 1224 2986 ἐκεῖ
1263 2900 1663 3004 φυλαχθείς·
1718 2922 1948 3004 μείνας

38 3050 166 3111 γαρ
197 3023 306 3091 ἐπὶ
332 3028 446 3108 τῆς
473 3028 818 3109 βασιλείου
845 3016 1054 3107 αυλῆς
1081 3026 1311 3108 ἔλεγεν
1354 3015 1771 3088 ἀπολεῖσθαι.
1829 3044 1945 3087 πι-

40 3123 428 3205 στεύσαντές
462 3151 534 3193 τε
561 3127 836 3210 ἐκεῖνοι,
868 3123 944 3191 τό
972 3150 1042 3192 τε
1069 3122 1537 3210 πεπραγμένον
1576 3128 1775 3191 ἔνδον
1819 3148 1945 3189 ουκ

41 3228 318 3314 εἰδότες,
365 3229 600 3296 θέοντι
649 3224 830 3319 αὐτῷ
884 3227 996 3294 καὶ
1051 3228 1400 3317 φερομένω
1454 3226 1947 3313 συνεξέδραμον

0 3359 10 3398 ι
42 3331 300 3410 πάντες.
363 3329 612 3418 ταραχή
651 3358 721 3399 τε
749 3327 868 3399 τὸν
909 3334 1124 3417 δῆμον
1161 3344 1461 3415 κατεῖχεν
1494 3323 1755 3415 ὁρωντα
1791 3327 1947 3413 περὶ

40 3438 268 3521 δείλην
303 3435 414 3502 δια
455 3435 658 3520 μέσης
699 3431 1074 3521 φερόμενον
1109 3438 1225 3519 τῆς
1264 3431 1517 3557 πρλεως
1562 3431 1785 3523 δρόμω
1826 3426 1946 3499 τὸν

38 3538 329 3625 βασιλέα.
435 3563 526 3617 ως
554 3535 629 3603 δὲ
654 3536 965 3605 ἐσέπεσεν
990 3538 1057 3615 ἐς
1081 3532 1155 3604 τὸ
1183 3534 1686 3625 στρατόπεδον”
1652 3562 1717 3616 ες
1734 3561 1807 3604 τε
1824 3530 1943 3603 τὸν
1970 3551 2003 3604 5
