2475 3859
956 154 1312 217 ΠΡΩΤΟΝ
2023 158 2106 220 35
2236 216 2247 236 ,

176 328 413 408 πντξαι
430 376 449 412 ,
491 324 746 414 μεγάλα
785 325 1031 397 δώσειν
1060 332 1325 397 ἔπαθλα
1376 322 1841 418 ὑποσχόμενοι.
1888 328 1929 401 ὃ
1982 333 2175 431 &1³55-

177 427 570 520 είσδραμών
589 432 994 519 παρειμένον
1012 428 1220 501 αὐτὸν
1244 428 1379 501 ὑπὸ
1404 438 1527 501 τοῦ
1554 432 1911 523 φαρμάκου
1937 421 2185 515 καὶξῗέ,

174 536 430 622 μέθης,
459 530 872 621 ἄποσφίγξας
907 531 1026 603 τὸν
1051 534 1410 625 τράχηλον,
1440 536 1737 624 φονεύει.

389 635 668 730 τοιούτω
711 636 838 725 μὲν
875 640 1050 707 τέλει
1087 644 1208 709 τοῦ
1247 646 1404 729 βίου
1444 634 1862 730 ὁΚόμμοδος
1900 642 2095 733 ἐχρή-
2127 650 2193 704 12

114 757 140 797 ⁵
177 758 378 825 σατο,
407 740 809 827 βασιλεύσας
835 746 948 829 ἔτη
975 750 1408 832 τρισκαίδεκα
1446 740 1610 831 μετὰ
1646 742 1771 833 τὴν
1807 750 1929 814 τοῦ
1970 772 2095 815 πα-

171 840 334 931 τρὸς
361 842 715 933 τελευτήν,
757 840 1224 930 εύγενέστατός
1250 873 1323 916 τε
1348 851 1488 915 τῶν
1513 844 1645 937 πρὸ
1669 845 1881 917 αὐτοῦ
1904 874 2099 935 γενο-

173 948 406 1035 μένων
433 949 766 1035 βασιλέων
782 999 802 1034 ,
830 947 1061 1018 κάλλει
1086 976 1159 1019 τε
1185 956 1323 1020 τῶν
1348 946 1512 1019 καθ’
1548 948 1791 1020 ἑαυτὸν
1822 948 2095 1043 ἀνθρώ-

175 1076 330 1118 πων
359 1047 884 1140 εὐπρεπέστατος
909 1048 1431 1143 αὐταρκέστατός
1456 1080 1529 1122 τε
1568 1060 1939 1146 συμμετρίᾳ
1964 1056 2097 1124 σω’-

177 1179 384 1240 ματος
402 1206 420 1240 ,
452 1160 513 1221 εί
537 1156 619 1223 δέ
639 1180 703 1223 τι
745 1160 852 1223 δεῖ
878 1158 990 1225 καὶ
1019 1159 1172 1248 περὶ
1199 1154 1516 1247 ἀνδρείας
1542 1163 1791 1245 εἰπεῖν,
1821 1155 2099 1239 οὐδενὸς

97 1282 144 1322 ιο
176 1253 402 1344 ἥττων
430 1254 736 1349 εὐστοχίᾳ
762 1285 834 1327 τε
861 1261 974 1328 καὶ
1003 1258 1320 1353 εὐχειρία,
1344 1266 1407 1330 εί
1430 1257 1519 1350 μὴ
1546 1258 1671 1351 τὴν
1695 1260 1954 1332 τούτων
1983 1258 2095 1331 εὐ-

176 1366 454 1449 μοιρίαν
480 1366 774 1452 αἰσχροῖς
801 1363 1279 1453 ἐπιτηδεύμασι
1305 1363 1757 1454 κατῄσχυνεν,
1800 1361 1890 1445 ὦς
1929 1390 2093 1456 προ-

180 1470 462 1553 είρηται.

99 1788 142 1829 15
490 1726 1803 1840 BIBAION'AEYTEPON.

377 1971 758 2055 ’Λνελόντες
797 1974 873 2043 δὲ
910 1971 1030 2044 τὸν
1055 1974 1419 2064 Κόμμοδον
1454 1980 1527 2045 οἱ
1562 1964 2089 2064 ἐπιβουλεύσαν-

175 2104 320 2162 τες,
353 2072 444 2157 ὥς
469 2080 546 2147 ἐν
569 2083 664 2170 τῷ
691 2077 934 2170 πρώτῳ
961 2079 1372 2167 συντάγματι
1399 2083 1515 2167 τῆς
1556 2084 1849 2169 ἱστορίας
1888 2078 2089 2167 δεδή-
2148 2106 2156 2115 ·

176 2190 418 2265 λωται,
462 2181 715 2272 κρύψαι
752 2208 825 2249 τε
862 2178 938 2250 τὸ
982 2182 1357 2271 γενόμενον
1389 2182 1823 2271 βουλόμενοι,
1866 2176 1956 2261 ὥς
2004 2177 2091 2251 ἄν

95 2300 147 2341 ²⁰
178 2280 337 2364 τοὺς
364 2284 830 2371 φυλάσσοντας
867 2281 991 2373 τὴν
1031 2294 1375 2375 βασίλειον
1412 2283 1631 2375 αὐλὴν
1668 2285 2092 2377 δορυφόρους

174 2386 489 2474 λάθοιεν,
521 2387 901 2477 είλήσαντες
927 2394 1241 2479 στρωμνῇ
1281 2390 1416 2457 τινὶ
1458 2386 1718 2459 εὐτελεῖ
1749 2386 1825 2458 τὸ
1864 2388 2087 2477 σωμά-

175 2517 322 2559 τιον
349 2491 461 2558 καὶ
496 2490 1022 2580 καταδήσαντες,
1066 2495 1415 2571 ἐπιθέντες
1452 2520 1525 2562 τε
1568 2495 1768 2563 δυσὶν
1804 2493 2089 2572 οἰκέταις

174 2599 314 2662 τῶν
353 2599 609 2663 πιστῶν
662 2596 952 2680 ἑαυτοῖς,
995 2598 1451 2683 ἐκπέμπουσιν
1492 2591 1581 2675 ὥς
1624 2596 1711 2685 δή
1749 2622 1815 2663 τι
1851 2600 2089 2675 σκεῦος

175 2702 314 2766 τῶν
340 2698 414 2765 ἐκ
439 2702 560 2766 τοῦ
587 2696 901 2785 θαλάμου
940 2704 1289 2788 περιττῶν.
1393 2702 1461 2766 οἱ
1500 2700 1576 2768 δὲ
1612 2702 1933 2789 φέροντες
1974 2696 2085 2767 διὰ
2115 2718 2148 2769 2

96 2820 145 2861 π
178 2802 402 2888 μέσων
427 2802 785 2890 ἐκφέρουσι
811 2804 950 2870 τῶν
976 2800 1323 2889 φυλάκων,
1356 2790 1453 2869 ὧν
1479 2809 1547 2871 οἳ
1568 2802 1692 2891 μὲν
1719 2796 1849 2869 ἀπὸ
1874 2803 2088 2889 μέθης

175 2902 620 2992 ἐκραιπάλων,
649 2910 718 2973 οἳ
741 2902 816 2973 δὲ
843 2904 1275 2996 ἐγρηγορότες
1299 2900 1596 2974 κάκεῖνοι
1626 2909 1693 2987 ἐς
1716 2900 1937 2973 ὕπνον
1962 2930 2081 2971 κα-

175 3008 536 3095 τεφέροντο
563 3005 996 3095 κατεχούσαις
1020 3035 1094 3077 τε
1130 3024 1275 3087 ταῖς
1312 3011 1497 3098 χερσὶ
1535 3005 1617 3077 τὰ
1651 3006 1925 3096 δοράτια
1962 3009 2080 3075 ἐπ-

176 3108 614 3196 ανεπαύοντο,
632 3117 700 3179 οἳ
723 3106 790 3180 δ’
823 3107 906 3179 οὐ
934 3110 1115 3181 πάνυ
1141 3109 1218 3181 τὸ
1237 3112 1691 3201 ἐκφερόμενον
1715 3114 1836 3178 τοῦ
1863 3109 2079 3179 θαλά-

177 3240 339 3301 μου,
369 3208 408 3281 ὅ
432 3240 496 3281 τι
525 3210 673 3281 ποτ’
709 3224 842 3303 εἴη,
871 3212 1549 3305 ἑπολυπραγμόνουν,
1591 3215 1734 3283 ἐπεὶ
1761 3212 1931 3303 μηδὲ
1958 3209 2079 3281 αὐ-

99 3342 148 3383 :³⁰
179 3331 314 3395 τοῖς
355 3319 632 3404 διέφερε
680 3314 868 3386 ταῦτ’
915 3322 1188 3387 εἰδέναι.
1271 3314 1345 3385 τὸ
1384 3318 1509 3405 μὲν
1560 3308 1687 3387 οὖν
1724 3320 1915 3404 σῶμα
1964 3320 2085 3385 τοῦ

179 3422 498 3507 βασιλέως
542 3416 718 3489 οὕτω
770 3421 1026 3491 κλαπὲν
1065 3422 1467 3508 ἐκκομισθέν
1517 3448 1591 3489 τε
1640 3426 1757 3509 τῆς
1807 3416 2085 3489 αὐλείου

179 3523 393 3613 θύρας
445 3521 714 3615 νύκτωρ
755 3520 1029 3613 ὀχήματι
1067 3525 1417 3604 ἐπιθέντες
1456 3527 1523 3606 ἐς
1561 3521 1637 3593 τὸ
1689 3521 2085 3613 προάστειον

1670 3638 1706 3700 3
1722 3640 1758 3679 ae
