2475 3859
863 154 1170 214 TPITON
1880 150 1959 213 69

44 328 480 414 Παρθυαίων
517 351 589 394 τε
613 326 730 394 καὶ
749 320 1114 415 Ἀρμενίων
1154 326 1267 395 καὶ
1287 322 1653 413 Ἀτρηνῶν,
1698 322 1961 412 συμμά-

43 454 214 514 χους
239 433 464 496 αἰτῶν.
525 423 562 497 ὅ
589 428 714 516 μὲν
739 418 866 497 οὖν
884 426 1220 519 Ἀρμένιος
1248 425 1645 517 ἀπεκρίνατο
1682 430 1961 515 μηδετέ-

48 558 154 621 ρῳ
194 529 680 620 συμμαχήσειν,
735 528 1084 620 ἀγαπητῶς
1119 532 1195 601 δὲ
1231 530 1313 601 τὰ
1352 532 1595 601 ἑαυτοῦ
1634 530 1957 620 φυλάξειν

44 630 185 721 ἤδη
217 634 610 723 προσιόντος
635 635 974 725 Σεεήρου·
1006 631 1043 704 ὃ
1072 634 1147 704 δὲ
1171 643 1564 725 Παρθυαῖος
1592 636 1957 703 ἐπιστελεϊν

0 762 8 801 ·›
49 743 188 825 ἔφη
223 751 358 817 τοῖς
385 738 746 827 σατράπαις
778 738 1069 826 δύναμιν
1097 734 1436 827 ἀθροίζειν
1454 761 1469 775 ·
1500 733 1675 807 οὕτω
1702 735 1827 828 γὰρ
1857 748 1957 807 εἴ-

50 849 275 927 ωθεν,
317 834 606 929 ὁπηνίκα
643 836 728 909 ἂν
768 845 984 931 δεηθῇ
1023 839 1306 931 στρατὸν
1332 844 1714 930 συλλέγειν,
1747 848 1837 934 τῷ
1864 838 1955 929 μὴ

45 948 230 1029 ἔχειν
257 943 720 1033 μισθοφόρους
745 946 858 1013 καὶ
871 942 1188 1025 συνεστὸς
1213 942 1701 1035 στρατιωτικόν.
1722 939 1953 1034 Ἀτρη-
1977 958 2013 1013 3

43 1046 156 1113 νοὶ
187 1044 264 1113 δὲ
287 1035 506 1133 ἦλθον
522 1043 704 1139 αὐτῷ
735 1047 988 1129 τοξόται
1004 1047 1355 1135 σύμμαχοι,
1385 1050 1761 1137 πέμψαντος
1775 1055 1955 1131 Βαρ-

44 1154 294 1236 σημίου
311 1150 346 1236 ,’
366 1145 439 1230 ὃς
467 1155 599 1217 τῶν
625 1149 847 1219 τόπων
875 1154 1236 1239 ἐβασίλευε.
1289 1150 1363 1222 τὸ
1394 1151 1468 1221 δὲ
1492 1149 1728 1221 λοιπὸν
1754 1172 1955 1240 στρα-

0 1269 12 1309 b
45 1247 362 1320 τιωτικόν
417 1248 734 1342 ἤθροιζεν
788 1256 861 1322 ἐκ
922 1261 1058 1324 τῶν
1111 1257 1249 1323 ἐκεῖ
1289 1255 1779 1363 στρατοπέδων]
1796 1261 1950 1323 πᾶν.

41 1362 344 1423 πλεῖστοι
391 1356 465 1424 δὲ
503 1357 615 1424 καὶ
652 1362 788 1426 τῶν
815 1362 1121 1445 δημοτῶν
1162 1364 1275 1445 τῆς
1296 1357 1718 1445 Ἀντιοχείας,
1754 1356 1954 1445 μάλι-

43 1478 171 1526 στα
199 1453 333 1526 ὑπὸ
362 1457 778 1547 κουφότητος
803 1466 1064 1530 νεανίαι
1089 1462 1203 1529 καὶ
1231 1466 1345 1550 τῆς
1376 1462 1528 1549 περὶ
1555 1458 1673 1529 τὸν
1696 1467 1951 1550 Νίγρον

43 1564 378 1649 σπουδῆς,
421 1564 748 1631 ἐπέδοσαν
789 1559 1052 1652 αὐτοὺςι
1073 1566 1141 1643 ἐς
1177 1572 1559 1655 στρατείαν,
1611 1570 1953 1654 προπετῶς

41 1658 367 1752 μᾶλλονῆ
396 1666 720 1755 ἐμπείρως
733 1672 929 1735 τοῦτο
944 1672 1308 1747 ποιοῦντες.
1338 1669 1601 1736 ἐκέλευε
1616 1668 1690 1737 δὲ
1702 1667 1814 1735 καὶ
1826 1671 1946 1734 τοῦ
1976 1682 2011 1734 4

0 1790 10 1828 ἰ
55 1764 330 1854 Ταύρου
356 1763 556 1858 ὅρους
581 1764 661 1836 τὰ
681 1766 878 1837 στενὰ
903 1768 1014 1837 καὶ
1037 1769 1395 1857 κρημνῶδη
1425 1770 1952 1857 διαφράττεσθαι

41 1876 380 1957 γενναίοις
419 1878 668 1958 τείχεσί
701 1898 772 1940 τε
811 1872 925 1939 καὶ
966 1872 1281 1961 ἐρύμασι,
1328 1872 1676 1961 πρόβλημα
1702 1867 1952 1959 ὀχυρὸν

39 1978 332 2060 νομίζων
371 1980 504 2042 τῶν
544 1976 618 2043 έν
657 1980 736 2063 τῇ
779 1970 1064 2064 ἀνατολῇ
1109 1971 1291 2043 ὁδῶν
1329 1974 1402 2044 τὸ
1443 1972 1779 2062 δύσβατον
1829 1978 1950 2041 τοῦ

39 2070 275 2161 ὅρους·
319 2072 354 2145 ὁ
383 2073 509 2164 γὰρ
547 2082 804 2166 Ταῦρος
835 2075 1077 2166 μεταξὺ
1115 2073 1212 2147 ῶν
1237 2082 1715 2157 Καππαδοκίας
1738 2104 1811 2145 τε
1837 2075 1951 2144 καὶ

49 2184 358 2258 Κιλικίας
388 2183 717 2268 διακρίνει
744 2179 824 2249 τά
849 2208 920 2249 τε
947 2188 1026 2271 τῇ
1056 2178 1275 2274 ἄρκτῳ
1302 2183 1415 2250 καὶ
1440 2178 1521 2250 τὰ
1548 2188 1627 2271 τῇ
1658 2178 1949 2267 ἀνατολῇ

0 2302 20 2342 o
47 2288 220 2369 ἔθνη
257 2288 722 2371 προσκείμενα.
775 2284 1176 2373 προύπεμψε(
1205 2312 1276 2353 τε
1302 2286 1416 2354 καὶ
1444 2281 1754 2373 στρατιὰν
1780 2307 1949 2371 προ-
1979 2306 2011 2358 5

39 2386 598 2473 καταληψομένην
623 2383 696 2454 τὸ
729 2385 1127 2474 Βυζάντιον,
1156 2386 1357 2457 πόλιν
1381 2394 1517 2457 τῶν
1542 2390 1651 2457 ἐπὶ
1684 2380 1949 2477 Θράκης

38 2491 359 2574 μεγίστην
391 2486 540 2556 τότε
568 2489 682 2557 καὶ
711 2485 1104 2578 εὐδαίμονα,
1152 2489 1401 2579 πλήθει
1438 2518 1509 2560 τε
1538 2487 1809 2581 ἀνδρῶν
1835 2489 1947 2559 καὶ

37 2588 392 2677 χρημάτων
433 2587 880 2679 ἀκμάζουσαν·
934 2594 1202 2681 κειμένη
1243 2592 1370 2682 γὰρ
1413 2595 1521 2687 ἐπὶ
1569 2600 1658 2687 τῷ
1697 2614 1948 2662 στενω-

37 2690 214 2785 τάτῳ
252 2698 370 2780 τῆς
407 2700 866 2782 Προποντίδος
903 2702 1191 2789 πορθμῷ
1244 2696 1599 2783 προσόδοις
1635 2710 1777 2776 ταῖς
1814 2690 1943 2762 ἀπὸ

0 2812 10 2853 5
39 2794 375 2884 θαλάττης
401 2803 612 2865 τελῶν
639 2824 708 2866 τε
737 2798 849 2866 καὶ
876 2794 1098 2878 ἁλείας
1123 2798 1425 2886 μεγάλως
1451 2795 1788 2885 ῶφελεϊτο,
1816 2802 1945 2883 γῆν

37 2926 112 2967 τε
138 2896 395 2986 πολλὴν
422 2901 534 2968 καὶ
563 2897 932 2989 εὐδαίμονα
972 2903 1337 2989 κεκτημένη
1370 2904 1434 2983 ἐξ
1470 2902 1782 2992 ἑκατέρου
1806 2904 1943 2965 τῶν

39 3007 384 3088 στοιχείων
433 3009 705 3072 πλεῖστα
751 3004 1153 3095 ἐκέρδαινεν.
1234 2999 1405 3073 ὅθεν
1464 3001 1677 3091 αὐτὴν
1727 2992 1938 3071 οὖσαν
1967 3010 2001 3065 6

37 3102 510 3193 δυνατωτάτην
549 3101 584 3174 ὃ
618 3112 876 3194 Νίγρος
918 3113 1447 3195 προκαταλαβεῖν
1471 3102 1790 3195 ἠθέλησε,
1830 3105 1943 3172 καὶ

37 3205 317 3293 μάλιστα
345 3210 628 3291 ἐλπίζων
660 3207 998 3279 δύνασθαι
1039 3208 1328 3279 κωλύειν
1354 3206 1475 3297 τὴν
1501 3205 1631 3279 ἀπὸ
1658 3213 1772 3295 τῆς
1797 3202 1943 3276 Εὐ-

0 3307 266 3397 )ρῶπης
318 3310 384 3389 ἐς
442 3308 565 3398 τὴν
609 3307 838 3380 Ἀσίαν
888 3310 1054 3381 κατὰ
1091 3310 1209 3381 τὸν
1252 3309 1563 3401 πορθμὸν
1610 3310 1937 3397 διάβασιν.

38 3412 547 3500 περιτετείχιστό
578 3438 648 3481 τε
676 3420 964 3506 γενναίῳ
991 3410 1063 3483 τε
1082 3416 1194 3483 καὶ
1208 3420 1493 3506 μεγίστῳ
1519 3409 1561 3501 ἡ
1590 3411 1779 3493 πόλις
1803 3418 1943 3480 τεί-

39 3540 172 3602 χει,
215 3516 638 3607 πεποιημένῳ
679 3522 964 3602 μυλίτου
1003 3522 1205 3587 λίθου
1246 3518 1313 3597 ἐς
1346 3516 1761 3609 τετράγωνον
1800 3519 1939 3603 εἰρ-
