2475 3859
520 120 600 183 78
1326 121 1630 183 TPITON

528 293 656 384 γάρ
695 321 794 375 τις
835 288 1016 385 αὐτῷ
1055 296 1192 361 τῶν
1225 287 1359 361 ἀπὸ
1402 298 1523 362 τοῦ
1556 288 1873 383 Σεεήρου
1914 288 2435 380 ἀφικνουμένων

519 395 736 477 αλλως
761 396 1077 487 προσῄει,
1108 401 1172 464 εἰ
1200 392 1292 483 μὴ
1318 384 1647 485 πρότερον
1674 390 2154 484 ἀποθέμενος”
2114 418 2287 484 οπερ
2320 420 2435 465 πε·-

523 502 806 592 ριέκειτο
837 501 1030 588 ξίφος
1053 497 1563 587 στρατιωτικόν,
1593 501 2048 588 ἐρευνηθῆναι
2084 497 2175 587 μή
2202 525 2268 569 τι
2315 500 2434 586 φέ-

458 622 495 674 8
523 632 632 695 ροι
667 600 804 673 ὑπὸ
841 602 1115 671 κόλπον.
1222 597 1312 683 ὥς
1339 597 1403 670 δ’
1434 592 1565 671 οὖν
1600 598 1927 691 ἀφίκοντο
1956 608 2029 671 οι
2061 607 2179 673 τοῦ
2211 602 2433 689 Σεεή-

519 735 648 796 ρον
673 702 1174 794 ἀγγελιαφόροι,
1189 704 1273 773 τά
1298 731 1370 773 τε
1396 704 1745 793 γράμματα
1762 710 2051 797 δημοσίᾳ
2068 701 2428 785 ἀποδόντες
2452 732 2471 772 ι

517 807 754 899 ἠξίουν
779 805 988 879 αὐτὸν
1009 804 1385 877 ἀποστάντα
1402 811 1769 879 ἐπακοῦσαι
1787 815 1995 878 τινῶν
2012 806 2427 899 ἀπορρήτων,

517 908 941 994 ὑποπτεύσας
966 907 1002 981 ὁ
1039 908 1339 1000 Ἀλβῖνος
1365 917 1844 999 συλληφθῆναι
1870 908 2133 982 κελεύει
2160 906 2424 998 αύτούς,

519 1020 660 1107 ἰδία
714 1042 786 1084 τε
837 1022 1198 1104 βασανίσας
1237 1020 1461 1084 πᾶσαν
1498 1013 1835 1102 μανθάνει
1882 1014 2007 1103 τὴν
2044 1014 2423 1103 ἐπιβουλήν.

521 1115 816 1199 καὶτοὺς
841 1117 965 1206 μὲν
1001 1117 1294 1205 κολάζει,
1334 1114 1540 1199 αὑτὸς
1580 1118 1657 1189 δὲ
1696 1115 1824 1207 ἤδη
1854 1114 1943 1199 ὥς
1978 1114 2147 1207 πρὸς
2188 1114 2423 1206 ὁμολο-

461 1232 498 1291 6
521 1220 856 1311 γούμενον
883 1218 1130 1313 ἐχθρὸν
1155 1219 1700 1311 παρεσκευάζετο.
1798 1218 2005 1310 γνοὺς
2044 1220 2119 1291 δὲ
2158 1227 2371 1290 ταῦτα
2392 1216 2421 1289 ὁ
2446 1242 2475 1281 ¹⁴

519 1331 854 1413 Σευῆρος,
885 1326 997 1395 καὶ
1023 1322 1241 1395 πάντα
1267 1324 1393 1412 μὲν
1418 1323 1735 1412 ἐκθύμως
1760 1324 2088 1415 πράττων,
2120 1320 2332 1413 ὀργῆς
2358 1322 2422 1393 δὲ

517 1425 736 1517 ἥττων
763 1455 861 1496 ων
889 1426 1128 1516 φύσει,
1159 1423 1386 1497 οὐκέτι
1418 1425 1543 1516 τὴν
1572 1434 1829 1519 ἔχθραν
1856 1434 2217 1515 ἔκρυπτεν,
2266 1422 2425 1496 ἀλλὰ

517 1531 928 1620 συγκαλέσας
963 1536 1098 1601 πᾶν
1135 1528 1210 1601 τὸ
1250 1526 1727 1623 στρατιωτικὸν
1766 1518 1945 1613 ἔλεξε
1978 1527 2143 1617 πρὸς
2180 1526 2427 1609 αὐτούς

516 1634 756 1705 τοιάδε.

709 1733 916 1826 “μήτε
951 1733 1337 1826 κουφότητά
1370 1763 1470 1817 τις
1506 1731 1551 1823 ἢ
1584 1733 1943 1824 μετάνοιαν
1980 1737 2089 1805 ἐπὶ
2126 1749 2269 1815 τοῖς
2308 1761 2423 1804 πε-
2450 1754 2475 1794 1³

511 1842 920 1933 ’πραγμένοις
943 1834 1102 1928 ἡμῖν
1129 1840 1507 1928 ἐγκαλείτω,
1526 1835 1678 1927 μήτ’
1710 1835 1989 1908 ἄπιστον
2009 1833 2051 1927 ἢ
2072 1834 2425 1926 ἀγνώμονα

457 1960 490 2010 2
519 1942 686 2034 πρὸς
741 1940 862 2014 τὸν
905 1944 1317 2030 νομισθέντα
1361 1948 1565 2031 φίλον
1610 1938 1929 2030 ἡγείσθω.
2006 1939 2087 2011 τὰ
2135 1941 2261 2029 μὲν
2300 1938 2421 2029 γὰρ

515 2042 676 2136 παρ’
715 2042 906 2135 ἡμῶν
935 2043 1150 2115 πάντα
1187 2042 1487 2134 ὑπῆρξεν
1522 2042 1739 2138 αύτῷ,
1777 2051 2053 2133 βεβαίας
2088 2050 2427 2132 βασιλείας

516 2155 871 2240 κοινωνίᾳ,
898 2143 1285 2236 πράγματος
1312 2140 1397 2217 οὑ
1424 2147 1615 2235 μόλις
1640 2176 1739 2229 τις
1776 2150 1891 2217 καὶ
1918 2145 2233 2235 ἀδελφοῖς
2256 2174 2421 2234 γνη-

515 2257 686 2331 σίοις
711 2254 1187 2340 μεταδίδωσιν·
1219 2247 1261 2320 ὃ
1286 2251 1363 2322 δὲ
1402 2253 1547 2339 ἐμοὶ
1571 2251 1755 2344 μόνῳ
1782 2247 1973 2339 ὑμεῖς
2010 2250 2419 2339 ἐχειροτονή-
2448 2266 2475 2306 oe

516 2374 702 2440 σατε,
747 2347 936 2423 τοῦτ’
983 2350 1114 2440 ἐγὼ
1161 2352 1329 2445 πρὸς
1369 2357 1629 2425 ἐκεῖνον
1675 2354 2053 2443 ἐνειμάμην.
2116 2351 2421 2441 μεγάλων

515 2457 590 2525 τέ
615 2484 727 2545 μοι
753 2464 1249 2527 κατατεθεισῶν
1276 2460 1345 2539 ἐς
1362 2454 1575 2527 αὐτὸν
1600 2453 2006 2548 εὐεργεσιῶν
2030 2452 2421 2546 ἀχαρίστους

457 2576 492 2629 3
523 2556 638 2640 τὰς
673 2555 952 2648 ἀμοιβὰς
983 2555 1282 2648 ’Λλβῖνος
1320 2556 1751 2631 ἀποδίδωσιν.
1856 2557 2027 2629 ὅπλα
2068 2561 2179 2629 καὶ
2219 2580 2421 2648 στρα-

514 2660 634 2732 τὸν
672 2659 783 2751 ἐφ’
835 2657 1004 2750 ἡμᾶς
1055 2663 1525 2748 συσκευάζεται
1538 2714 1559 2750 ,
1598 2662 2107 2753 καταφρονήσας
2144 2662 2267 2751 μὲν
2309 2667 2421 2749 τῆς

515 2762 833 2853 ὑμετέρας
861 2761 1196 2854 ἀνδρείας,
1210 2763 1539 2856 ἀμελήσας
1558 2766 1634 2836 δὲ
1650 2773 1767 2855 τῆς
1790 2764 1956 2856 πρὸς
1982 2766 2096 2855 ἐμὲ
2114 2773 2413 2849 πίστεως,
2442 2785 2473 2825 ²⁵

514 2866 824 2961 ἀπλήστω
867 2895 940 2937 τε
979 2870 1311 2962 ἐπιθυμία
1349 2868 1756 2959 βουλόμενος
1796 2876 2029 2958 λαβεῖν
2066 2866 2231 2958 μετὰ
2270 2895 2417 2936 κιν-

515 2972 744 3041 δύνων
787 2961 872 3041 οὑ
917 2969 994 3041 τὸ
1037 2972 1236 3060 μέρος
1276 2968 1536 3061 εἷχεν”
1494 2985 1660 3041 ανευ
1700 2976 1995 3061 πολέμου
2036 2973 2149 3041 καὶ
2188 2970 2417 3059 μάχης,

514 3100 672 3143 οντε
705 3072 914 3156 θεοὺς
963 3079 1334 3162 αἰδεσθείς,
1389 3102 1509 3157 ους
1560 3074 1878 3157 πολλάκις
1930 3071 2227 3164 ὄμοσεν,
2262 3099 2415 3143 οντε

511 3182 650 3246 τῶν
681 3173 1024 3267 ὑμετέρων
1047 3177 1363 3267 καμάτων
1389 3178 1817 3267 φεισάμενος,
1847 3173 1967 3258 οὑς
1984 3204 2147 3266 μετα
2172 3175 2413 3247 τοσαύ-

448 3300 485 3353 4
513 3308 628 3368 της
653 3279 848 3368 δόξης
869 3308 942 3351 τε
965 3283 1080 3351 καὶ
1108 3278 1344 3371 ἀρετῆς
1384 3278 1557 3370 ὑπὲρ
1588 3276 1779 3368 ἡμῶν
1814 3280 2104 3369 έκάμετε.
2176 3282 2255 3349 ἐν
2286 3276 2411 3367 γὰρ
2435 3302 2469 3343 ν

511 3378 612 3462 οἷς
633 3381 1122 3471 κατωρθώσατε
1137 3435 1158 3471 ,
1184 3380 1489 3463 κάκεῖνος
1514 3380 1589 3452 τὸ
1616 3384 1815 3472 μέρος
1838 3386 2207 3471 ἐκαρποῦτο
2221 3403 2238 3418 ·
2269 3386 2415 3467 ἔσχε

513 3479 580 3551 δ’
611 3479 698 3553 ἄν
730 3511 796 3553 τι
817 3487 932 3555 καὶ
963 3494 1214 3576 μεῖζον,
1244 3492 1307 3557 εί
1342 3482 1557 3558 καὶτὸ
1596 3484 1831 3557 πιστὸν
1856 3483 2102 3577 ἐτήρει,
2142 3490 2259 3573 τῆς
2286 3479 2411 3571 ἀμ-
