2475 3859
414 139 532 202 176
1151 141 1576 202 EBAOMON
1972 120 1979 132 '
2370 4 2391 353 l

407 339 598 402 μενοι
623 317 830 382 τινῶν
859 309 1216 400 κατήγοροι
1254 307 1301 400 ’ἢ
1338 317 1633 399 ἔφευγον
1663 306 1708 398 ἢ
1748 305 1882 380 ὑπὸ
1920 317 2055 380 τῶν
2080 306 2299 396 ἀδικη-

407 419 676 488 θέντων
701 411 1074 506 ἀνῃροῦντο
1089 467 1108 501 ,
1135 417 1487 503 ἐπίτροποί
1513 441 1586 484 τε
1611 416 1727 484 καὶ
1764 415 2067 484 δικασταὶ
2094 419 2163 484 οἱ
2198 422 2297 503 τῆς

409 524 676 592 ἐκείνου
706 515 1038 607 ὠμότητος
1069 513 1397 608 ὑπηρέται
1425 519 1739 606 συρέντες
1778 513 1911 589 ὑπὸ
1949 524 2071 587 τοῦ
2106 515 2294 605 ὄχλου

405 627 474 705 ἐς
503 620 662 702 τοὺς
707 617 976 708 ὀχετοὺς
1017 623 1470 708 ἐρριπτοῦντο.
1550 620 1759 710 φόνος
1799 648 1873 690 τε
1918 617 2045 690 ούκ
2088 617 2297 710 ὀλίγος

404 728 668 815 ἐγένετο
705 726 819 794 καὶ
855 724 1066 813 μηδὲν
1105 721 1571 812 ἀδικησάντων
1622 722 2007 812 ἀνθρώπων
2020 749 2035 764 ·
2076 730 2294 796 δανει-
2320 741 2338 781 ⁵

405 827 562 909 στὰς
588 825 714 917 γὰρ
743 829 1002 898 ἑαυτῶν
1027 822 1070 917 ἢ
1097 830 1212 898 καὶ
1235 824 1619 909 ἀντιδίκους
1646 831 1723 898 ἐν
1746 826 2127 917 πράγμασιν
2152 827 2299 919 ἀγο-

405 939 656 1021 ραίοις,
689 933 802 1000 καὶ
827 941 898 1002 εί
917 959 1015 1012 τις
1043 931 1209 1021 πρός
1235 958 1385 1001 τινα
1410 939 1727 1020 βραχεῖαν
1770 939 1991 1002 αἰτίαν
2034 931 2169 1020 εἶχε
2200 942 2301 1022 μί·-

405 1055 599 1123 σους,
629 1038 1188 1124 ἐπαναβαίνοντες
1225 1049 1369 1116 ταῖς
1406 1034 1745 1123 οἰκήσεσιν
1783 1031 2299 1125 ἀπροσδοκήτως,

405 1136 874 1226 ἐπηρεάζοντες
919 1133 1008 1218 ὥς
1041 1137 1469 1226 συκοφάντας
1508 1137 1841 1226 ἐσύλησάν
1884 1164 1955 1208 τε
1996 1139 2115 1207 καὶ
2152 1140 2301 1227 ἐφό-
2384 1159 2395 1179 ’

342 1265 378 1316 4
405 1262 676 1311 νευσαν.
735 1243 810 1310 ἐν
837 1241 1245 1329 προσχήματι
1272 1244 1662 1328 ἐλευθερίας
1694 1236 1919 1322 ἀδείας
1955 1267 2028 1310 τε
2056 1249 2296 1332 είρηνι-
2330 1269 2357 1305 ιι»

405 1350 528 1432 κῆς
555 1350 718 1434 ἔργα
743 1345 1038 1431 πολέμου
1075 1347 1413 1433 ἐμφυλίου
1455 1347 1743 1432 ἐγίνετο,
1774 1339 1862 1425 ὥς
1898 1347 2013 1414 καὶ
2052 1345 2177 1415 τὸν
2200 1352 2301 1433 τῆς

406 1446 662 1527 πόλεως
717 1446 1086 1534 ἐπάρχοντα
1151 1446 1315 1537 μετὰ
1366 1448 1633 1538 πράξεις
1684 1444 1931 1527 πολλὰς
1986 1443 2301 1528 ὑπατικάς

405 1555 732 1639 (Σαβῖνος
771 1549 846 1620 δὲ
885 1541 972 1638 ἦν
1015 1547 1228 1640 ὄνομα
1266 1547 1513 1643 αύτῷ),
1558 1548 1971 1639 βουλόμενον
2014 1560 2301 1622 κωλῦσαι

404 1651 486 1723 τὰ
511 1652 830 1743 γινόμενα
845 1704 864 1739 ,
893 1653 1072 1748 ξύλῳ
1108 1655 1481 1724 παισθέντα
1518 1651 1685 1726 κατὰ
1719 1659 1843 1722 τοῦ
1881 1662 2172 1744 κρανίου
2208 1683 2303 1724 τε·

403 1762 740 1845 λευτῆσαι.
2330 1779 2358 1818 ιε

604 1861 719 1930 καὶ
745 1853 782 1928 ὃ
813 1857 936 1947 μὲν
965 1863 1174 1948 δῆμος
1205 1861 1281 1929 ἐν
1319 1858 1577 1940 τούτοις
1602 1849 1721 1947 ἦν,
1760 1855 1803 1947 ἡ
1834 1858 1911 1930 δὲ
1946 1859 2305 1950 σύγκλητος

250 2051 259 2055 -
403 1960 576 2048 ἅπαξ
603 1959 1142 2052 άναρριφθέντος
1178 1961 1507 2032 κινδύνου
1545 1961 1738 2054 φόβῳ
1775 1970 1899 2032 τοῦ
1924 1965 2305 2051 Μαξιμίνου
2394 1961 2396 1964 ⁴

314 2065 318 2070 ’
343 2085 376 2136 5
403 2065 620 2138 πάντα
651 2072 972 2154 ἔπραττεν
998 2066 1066 2146 ἐς
1091 2062 1165 2134 τὸ
1193 2061 1561 2154 ἀποστῆσαι
1579 2061 1793 2135 αὐτοῦ
1816 2063 1900 2136 τὰ
1928 2072 2124 2155 ἔθνη.
2154 2093 2307 2153 πρε-

403 2177 622 2258 σβεῖαι
646 2175 884 2239 τοίνυν
909 2175 1253 2254 πανταχοῦ
1278 2166 1445 2258 πρὸς
1462 2168 1711 2250 πάντας
1728 2165 2151 2258 ἡγουμένους
2178 2173 2307 2252 ἐξε-

405 2273 836 2360 πέμφθησαν,
855 2274 1347 2358 ἐπιλεχθέντων
1374 2269 1646 2361 ἀνδρῶν
1674 2279 1749 2342 ἔκ
1775 2299 1847 2342 τε
1872 2279 1987 2361 τῆς
2014 2273 2305 2360 συγκλή-
2331 2295 2366 2332 21³

405 2401 526 2443 του
571 2369 776 2461 αὐτῆς
801 2375 915 2443 καὶ
950 2379 1070 2444 τοῦ
1101 2378 1379 2444 ἱππικοῦ
1419 2375 1745 2464 τάγματος
1782 2371 1908 2444 οῦκ
1946 2371 2307 2464 ἀδοκίμων,

407 2475 755 2566 γράμματά
781 2502 852 2545 τε
885 2474 1052 2565 πρὸς
1079 2474 1331 2558 πάντας
1356 2477 1479 2566 τὴν
1508 2475 1847 2567 Ῥωμαίων
1868 2479 2129 2566 καὶτῆς
2147 2500 2311 2566 συγ·
2392 2488 2394 2501 “

405 2577 654 2668 κλήτου
677 2578 952 2668 γνώμην
977 2584 1333 2668 δηλοῦντα,
1352 2580 1811 2672 προτρέποντά
1836 2609 1907 2652 τε
1925 2577 2083 2662 τοῦς
2102 2581 2312 2670 (μὲν)

404 2680 820 2772 ἡγουμένους
846 2690 1291 2772 συναίρεσθαι
1320 2691 1401 2775 τῇ
1428 2692 1621 2775 κοινῇ
1647 2689 1917 2774 πατρίδι
1954 2685 2071 2754 καὶ
2110 2705 2315 2754 συνε-

403 2793 576 2880 δρίῳ
612 2784 1052 2875 βουλεύουσι,
1101 2785 1180 2856 τὰ
1226 2784 1293 2857 δ’
1340 2795 1509 2878 ἔθνη
1549 2795 1913 2859 πείθεσθαι
1945 2784 2313 2876 Ῥωμαίοις,
2341 2807 2375 2844 2³

405 2882 507 2961 ὦν
535 2891 854 2978 δημόσιον
885 2886 1160 2960 ἄνωθεν
1196 2889 1271 2962 τὸ
1300 2891 1541 2981 κράτος
1564 2895 1783 2980 ἐστίν,
1828 2888 1999 2962 αύτά
2031 2918 2105 2960 τε
2150 2897 2316 2980 φίλα

347 3014 382 3069 6
411 2995 524 3063 καὶ
547 2989 810 3082 ὑπήκοα
837 2997 912 3064 ἐκ
943 2991 1315 3082 προγόνων.
1371 2999 1440 3091 οί
1464 3002 1759 3066 πλεῖστοι
1790 2995 1915 3084 μὲν
1940 2985 2069 3062 οὖν
2096 3015 2319 3080 προσ-

409 3097 658 3184 ήκαντο
706 3095 830 3184 τὴν
875 3103 1273 3185 πρεσβείαν,
1326 3099 1441 3166 καὶ
1478 3096 1561 3166 τὰ
1597 3104 1767 3186 ἔθνη
1818 3093 2321 3185 ἀποστήσαντες

409 3202 659 3288 ῥᾳδίως
711 3203 890 3286 μίσει
941 3207 1055 3287 τῆς
1109 3204 1497 3287 Μαξιμίνου
1547 3205 1979 3290 τυραννίδος,
2024 3201 2198 3281 τούς
2256 3227 2321 3269 τε

409 3303 625 3369 ἐκεῖσε
651 3299 1083 3388 πράττοντας,
1113 3307 1176 3370 εί
1211 3299 1292 3370 τὰ
1325 3305 1713 3390 Μαξιμίνου
1754 3317 2113 3391 φρονοῖεν,
2148 3301 2321 3374 ἀπο-
2348 3323 2383 3362 ³⁰

413 3405 788 3481 κτείναντες
823 3407 1234 3490 προσέθεντο
1262 3399 1628 3492 Ῥωμαίοις·
1671 3403 1888 3492 ὀλίγοι
1926 3407 2007 3474 δέ
2050 3435 2247 3488 τινες
2286 3401 2323 3490 ἦ

417 3501 844 3587 διεχρήσαντο
884 3501 1036 3584 τοὺς
1074 3505 1399 3587 ἐλθόντας
1442 3509 1751 3596 πρέσβεις
1784 3502 1829 3596 ἦ
1870 3507 2033 3597 μετὰ
2084 3537 2326 3598 φρου-
