2475 3859
990 176 1350 239 ΠΡΩΤΟΝ
2042 177 2120 237 21

197 347 284 418 δὲ
312 345 518 418 πάλαι
545 348 672 437 μὲν
699 349 766 431 ἐξ
795 344 1092 439 οὐρανοῦ
1119 353 1605 438 κατενεχθῆναι
1633 348 1825 439 λόγος
1866 356 1935 430 ἔς
1970 377 2123 421 τινα

195 459 325 542 τῆς
367 460 670 543 Φρυγίας
707 456 928 543 χίδρον
967 451 1371 542 (Πεσσινοῦς
1408 452 1483 522 δὲ
1523 449 1733 543 ὄνομα
1766 450 1971 547 αὐτῷ,
1998 452 2125 543 τὴν

200 557 285 627 δὲ
333 563 789 647 προσηγορίαν
839 563 1078 644 λαβεῖν
1115 553 1235 625 τὸν
1282 555 1490 625 τόπον
1530 559 1605 625 ἐκ
1644 563 1765 627 τοῦ
1805 556 2123 637 πεσόντος

197 657 582 749 ἀγάλματος
621 662 690 743 ἐξ
727 655 1052 750 ούρανοῦ)
1089 660 1201 727 καὶ
1240 665 1507 750 πρῶτον
1544 664 1759 731 ἐκεῖσε
1796 658 2119 751 ὀφθῆναι.

132 786 162 828 5
203 759 298 844 ὥς
325 764 404 833 δὲ
430 759 590 854 παρ’
624 764 870 853 ἑτέροις
897 758 1369 856 εῦρομεν,Ἴλῳ
1407 769 1503 856 τῷ
1540 766 1761 855 Φρυγὶ
1788 766 1901 833 καὶ
1948 772 2117 834 Ταν-
2150 776 2184 827 2

196 865 384 961 τάλῳ
423 870 517 960 τῷ
556 872 765 959 Λυδῷ
789 863 1092 955 πόλεμον
1130 868 1276 935 ἐκεῖ
1312 868 1634 953 γενέσθαι
1672 870 2017 956 λέγουσιν,
2058 874 2127 936 οἳ

202 970 332 1060 μὲν
358 970 512 1061 περὶ
539 966 754 1061 ὅρων,
784 976 852 1039 οἳ
877 969 954 1039 δὲ
979 970 1134 1059 περὶ
1161 973 1277 1057 τῆς
1314 969 1759 1061 Γανυμήδους
1784 968 2087 1062 ἁρπαγῆς
2104 991 2120 1007 ·

201 1072 572 1165 ἰσορρόπου
600 1072 675 1143 δὲ
703 1074 812 1143 ἐπὶ
840 1069 1014 1143 πολὺ
1039 1078 1154 1163 τῆς
1181 1071 1389 1161 μάχης
1414 1076 1773 1163 γενομένης
1800 1076 2123 1165 ἑκατέρω-

202 1188 339 1247 θεν
365 1191 600 1247 πεσεῖν
626 1175 932 1263 ἱκανούς,
960 1177 1074 1247 καὶ
1101 1172 1226 1267 τὴν
1262 1174 1619 1273 συμφορὰν
1644 1174 1855 1268 ὄνομα
1884 1182 2127 1248 δοῦναι

120 1309 172 1348 ιο
204 1286 301 1375 τῷ
354 1288 596 1373 χωρίῳ.
677 1285 850 1350 ἔνθα
893 1282 1008 1349 καὶ
1057 1276 1178 1349 τὸν
1229 1280 1643 1370 Γανυμήδην
1693 1278 2127 1373 ἁρπασθέντα

203 1382 436 1473 ἀφανῆ
472 1384 796 1472 γενέσθαι
812 1382 1026 1470 λόγος,
1047 1380 1527 1453 ἀνθελκόντων
1553 1381 1761 1455 αὐτὸν
1784 1391 1905 1455 τοῦ
1924 1382 2123 1454 ἀδελ-

205 1492 346 1576 φοῦ
375 1488 488 1556 καὶ
513 1492 636 1565 τοῦ
665 1488 948 1577 ἐραστοῦ
964 1508 980 1524 ·
1024 1482 1329 1575 ἀφανοῦς
1356 1487 1433 1568 δὲ
1455 1490 1825 1577 γενομένου
1841 1492 1964 1558 τοῦ
1990 1485 2121 1557 σώ-

205 1617 408 1681 ματος
438 1592 923 1679 ἐκθειασθῆναι
949 1586 1024 1661 τὰ
1053 1588 1273 1672 πάθος
1297 1596 1419 1659 τοῦ
1433 1599 1785 1681 μειρακίου
1804 1596 1872 1673 ἐς
1897 1597 2127 1680 μῦθον

205 1695 322 1763 καὶ
346 1691 472 1784 τὴν
497 1690 664 1773 Διὸς
691 1688 1019 1783 ἁρπαγήν.
1077 1694 1152 1762 έν
1192 1694 1270 1765 δὲ
1306 1699 1404 1786 ‘⁶93
1440 1698 1901 1789 προειρημένῳ
1942 1704 2123 1764 Πεσ-

127 1822 176 1863 15
208 1803 512 1867 σινοῦντι
540 1795 744 1867 παλαι
776 1796 902 1885 μὲν
935 1794 1200 1886 Φρύγες
1242 1791 1565 1885 ὥργίαζον
1592 1801 1701 1867 ἐπὶ
1726 1804 1822 1893 τῷ
1854 1802 2128 1890 ποταμῷ

133 1899 444 1993 Γαλλω
485 1902 963 1991 παραρρέοντι,
1003 1896 1125 1987 ἀφ’
1169 1890 1253 1969 οὗ
1289 1896 1415 1989 τὴν
1456 1904 1846 1989 ἐπωνυμίαν
1874 1902 2123 1991 φέρου-

208 2024 320 2073 σιν
361 2008 432 2073 οἰ
463 2008 546 2093 τῇ
563 2008 736 2094 θεῷ
780 2010 1005 2093 τομίαι
1047 2004 1429 2091 ίερωμένοι·
1484 2005 1629 2072 ἐπεὶ
1672 2004 1749 2074 δὲ
1784 1999 2123 2092 Ῥωμαίων
2152 2022 2187 2076 3

205 2104 443 2197 ηῦξετο
466 2133 548 2175 τα
576 2133 960 2197 πραγματα,
1005 2107 1213 2193 φασὶν
1237 2101 1465 2185 αὐτοῖς
1489 2111 1869 2197 χρησθῆναι
1895 2118 2127 2195 μενεῖν

206 2238 280 2280 τε
305 2207 432 2298 τὴν
459 2206 671 2299 ἀρχὴν
696 2210 810 2279 καὶ
850 2213 916 2290 ές
945 2211 1116 2299 μέγα
1150 2208 1644 2299 προχωρήσειν,
1691 2216 1754 2281 εί
1791 2206 1917 2299 τὴν
1941 2218 2121 2279 Πεσ-

125 2341 178 2383 2⁰
209 2320 600 2384 σινουντίαν
625 2310 795 2383 θεὸν
830 2339 1269 2402 μεταγαγοιεν
1308 2340 1396 2392 ως
1428 2308 1693 2393 αὐτούς.
1748 2314 2163 2402 πέμψαντεςξζ
2160 2326 2223 2396 53·

211 2417 288 2487 δὲ
313 2416 626 2507 πρέσβεις
654 2418 720 2496 ἐς
749 2415 1022 2507 Φρύγας
1061 2412 1138 2485 τὸ
1177 2413 1444 2503 αγαλμα
1482 2412 1725 2506 ητουν·
1774 2422 2011 2505 ἔτυχον
2050 2415 2127 2485 δὲ

209 2524 491 2612 ῥᾳδίως,
520 2521 922 2607 συγγένειαν
951 2517 1481 2609 προβαλλόμενοι
1512 2521 1625 2589 καὶ
1662 2546 1789 2609 την
1828 2515 1945 2589 ἀπ’
1995 2524 2122 2587 Αί-

205 2628 398 2693 νείου
422 2627 546 2691 τοῦ
573 2620 840 2713 Φρυγὸς
880 2624 946 2703 ές
984 2618 1228 2703 αὐτοῦς
1270 2620 1591 2711 διαδοχὴν
1629 2623 2134 2709 καταλέγοντες.’

207 2725 538 2816 κομισθὲν
566 2725 662 2795 ’δὲ
707 2728 818 2795 ἐπὶ
859 2723 1030 2805 νεώς
1075 2722 1150 2795 τὸ
1194 2723 1461 2814 ἄγαλμα
1497 2729 1611 2795 καὶ
1649 2725 2017 2815 γενόμενον
2050 2726 2127 2793 ἐν

129 2858 180 2903 25
208 2844 352 2911 ταῖς
375 2834 498 2898 τοῦ
527 2827 910 2921 Θύμβριδος
937 2832 1241 2917 ἐκβολαῖς
1268 2828 1563 2914 (ταύταις
1604 2827 1732 2920 γὰρ
1760 2826 1909 2899 ἀντὶ
1938 2828 2121 2916 λιμέ-

205 2960 350 3004 νων
405 2933 694 3023 ἐχρεὸντο
747 2936 816 3001 οἱ
857 2928 1189 3021 Ῥωμαῖοι)
1233 2938 1467 3021 ἔστησε
1504 2940 1666 3023 θείᾳ
1720 2930 2003 3019 δυνάμει
2050 2927 2125 2999 τὸ

207 3036 482 3124 σκάφος.
587 3036 700 3105 ἐπὶ
736 3034 909 3106 πολὺ
953 3036 1028 3105 δὲ
1067 3038 1403 3126 πανδημεὶ
1440 3040 1579 3105 τῶν
1623 3030 1960 3123 Ῥωμαίων
1998 3030 2123 3120 τὴν
2150 3050 2186 3104 4

207 3144 386 3210 ναῦν
427 3137 882 3227 ἐφελκόντων,
939 3136 1339 3229 ἆντεχούσης
1376 3143 1491 3228 τῆς
1532 3137 1717 3217 ἰλύος
1754 3134 1836 3207 οὐ
1883 3134 2120 3225 πρότε-

211 3269 332 3333 ρον
370 3236 414 3329 ἡ
453 3246 619 3323 ναῦς
645 3240 977 3333 ἀνέδραμε
1017 3243 1181 3333 πρὶν
1222 3237 1267 3331 ἢ
1301 3240 1427 3332 τὴν
1467 3243 1721 3332 ἱέρειαν
1763 3242 2127 3327 ἐνεχθῆναι

137 3378 184 3421 ³⁰
214 3350 328 3435 τῆς
358 3340 632 3427 Ἑστίας.
687 3344 938 3435 ταύτην
977 3351 1116 3415 ἔδει
1156 3342 1710 3436 παρθενεύεσθαι
1726 3394 1747 3431 ,
1787 3349 2011 3413 αἰτίαν
2050 3342 2128 3411 δὲ

214 3454 594 3540 διαφθορᾶς
625 3448 822 3537 εἶχεν.
879 3444 972 3529 ὥς
995 3452 1329 3538 μέλλουσα
1369 3448 1445 3518 δὲ
1485 3447 1956 3539 κριθήσεσθαι,
1988 3449 2124 3515 ἰκε-

213 3551 393 3623 τεύει
418 3549 538 3623 τὸν
565 3558 780 3643 δῆμον
807 3554 1152 3643 ἐπιτρέψαι
1185 3557 1268 3641 τῇ
1292 3558 1785 3646 Πεσσινουντίᾳ
1820 3555 1966 3645 θεῷ
2002 3545 2127 3636 τὴν
