2475 3859
809 90 908 147 ΤΕ
915 88 1237 147 ΤΛΡΤΟΝ
1852 86 1878 143 1
1894 86 1921 143 1
1937 86 1961 144 1

43 262 359 348 κατῆλθέ
379 288 452 329 τε
484 265 578 339 εἰς
605 257 878 349 Θράκην
905 259 1257 329 Μακεδόσι
1283 266 1699 347 γειτνιῶσαν,
1716 255 1974 341 εύθύςι-
2001 280 2071 315 ²¹4

35 358 482 453 Ἀλέξανδρος
517 354 640 450 ἦν,
677 366 790 432 καὶ
829 362 950 451 τήν
989 390 1062 432 τε
1098 362 1367 452 μνήμην
1404 359 1615 433 αὐτοῦ
1642 369 1973 443 παντοίως

47 465 498 553 ἀνενεώσατο,
529 465 790 546 εἰκόνας
815 494 888 535 τε
923 469 1038 535 καὶ
1061 462 1465 554 ἀνδριάντας
1480 469 1555 535 ἐν
1578 466 1820 545 πάσαις
1846 465 1973 534 πό·-

47 580 250 640 λεσιν
275 567 640 657 ἀναστῆναι
679 572 985 639 ἐκέλευσε
1001 622 1022 656 ,
1051 570 1173 657 τήν
1199 596 1273 637 τε
1300 566 1551 658 Ῥῶμην
1590 568 1973 658 ἐπλήρωσεν

0 708 10 744 ι
49 672 484 759 ἀνδριάντων
525 675 640 741 καὶ
681 672 997 759 εἰκόνων,
1044 676 1120 741 έν
1165 678 1261 763 τῷ
1296 678 1707 764 Καπετωλίῳ
1746 674 1858 741 καὶ
1898 676 1973 741 ἐν

51 775 287 857 ἄλλοις
315 782 550 862 ἱεροῖς,
585 781 700 864 τῆς
727 774 893 866 πρὸς
923 771 1357 863 Ἀλέξανδρον
1381 782 1770 863 συναφείας.
1815 772 1962 845 ἔσθ’
1998 781 2033 832 2

51 878 234 949 ὅπου
259 880 335 951 δὲ
361 880 476 949 καὶ
503 878 742 968 χλεύης
772 885 1038 967 εἴδομεν
1065 878 1249 961 ἀξίας
1276 878 1557 965 εἰκόνας,
1587 881 1661 947 ἐν
1686 894 1975 968 γραφαῖς

53 980 212 1065 ἑνὸς
259 981 560 1071 σώματος
610 978 743 1052 ὑπὸ
799 990 1192 1074 περιφερείᾳ
1246 989 1541 1070 κεφαλῆς
1584 988 1737 1069 μιᾶς
1790 979 1977 1063 ὄψεις

53 1083 420 1174 ἡμιτόμους
447 1085 605 1171 δύο,
634 1081 1070 1172 Ἀλεξάνδρου
1099 1113 1170 1154 τε
1197 1086 1313 1155 καὶ
1346 1076 1776 1154 Ἀντωνίνου.
1806 1111 1975 1172 προ-

0 1220 18 1259 J
57 1190 168 1279 ῄει
197 1188 274 1257 δὲ
307 1186 508 1269 αὐτὸς
535 1191 610 1257 ἐν
635 1195 1088 1280 Μακεδονικῷ
1115 1188 1425 1276 σχήματι,
1452 1196 1741 1258 καυσίαν
1768 1215 1841 1257 τε
1867 1190 1976 1257 ἐπὶ

51 1290 182 1380 τὴν
213 1290 516 1380 κεφαλὴν
547 1294 778 1380 φέρων
803 1294 917 1361 καὶ
947 1298 1277 1380 κρηπῖδας
1308 1288 1791 1379 ὑποδούμενος.
1828 1296 1977 1361 ἐπι-

53 1394 414 1482 λεξάμενός
455 1421 526 1464 τε
577 1402 848 1475 νεανίας
898 1397 1010 1465 καὶ
1055 1394 1461 1483 στρατεύσας
1495 1393 1975 1482 ,Μακεδονικὴν

53 1498 280 1568 ἐκάλει
309 1497 641 1585 φάλαγγα,
669 1498 825 1579 τούς
853 1525 926 1567 τε
953 1494 1369 1585 ἡγουμένους
1395 1495 1601 1587 αὐτῆς
1628 1498 1863 1585 φέρειν
1894 1494 1975 1567 τὰ

56 1609 200 1671 τῶν
237 1604 504 1671 ἐκείνου
545 1608 933 1690 στρατηγῶν
977 1597 1288 1687 ὀνόματα.
1376 1597 1505 1670 ἀπό
1548 1628 1620 1669 τε
1658 1600 1970 1689 Σπάρτης
1999 1612 2033 1663 3

0 1728 22 1768 5
57 1704 652 1794 μεταπεμψάμενος
688 1712 960 1785 νεανίας
993 1702 1391 1773 Λακωνικὸν
1436 1706 1549 1773 καὶ
1592 1704 1977 1791 Πιτανάτην

55 1808 262 1895 λόχον
287 1807 523 1877 ἐκάλει.
1370 1872 1385 1879 ,

264 1918 474 1979 ταῦτα
499 1910 576 1979 δὲ
601 1910 910 1999 ποιήσας,
937 1910 1019 1979 τά
1046 1938 1116 1979 τε
1155 1912 1230 1978 ἐν
1262 1924 1405 1988 ταῖς
1446 1908 1676 1978 πόλεσι
1714 1908 1975 1993 διοικήψ

59 2036 182 2094 σας
211 2009 302 2095 ῶς
339 2017 706 2101 ἐνεδέχετο,
753 2009 1042 2105 ἠπείχθη
1083 2016 1150 2093 ἐς
1176 2016 1537 2101 Πέργαμον
1581 2019 1695 2098 τῆς
1729 2008 1972 2095 Ἀσίας,

57 2116 438 2205 χρήσασθαι
483 2117 890 2204 βουλόμενος
938 2124 1329 2201 θεραπείαις
1380 2121 1503 2183 τοῦ
1552 2111 1970 2202 Ἀσκληπιοῦ.

0 2254 30 2293 ‚0
65 2220 476 2308 ἀφικόμενος
501 2219 584 2307 δὴ
618 2223 774 2306 ἐκεῖ,
792 2222 904 2289 καὶ
933 2224 998 2299 ές
1024 2215 1184 2289 ὅσον
1213 2216 1421 2307 ἤθελε
1450 2224 1586 2287 τῶν
1612 2214 1975 2305 ὀνειράτων

60 2329 507 2412 ἐμφορηθείς,
543 2313 710 2411 ἧκεν
752 2326 819 2404 ές
843 2320 1074 2391 Ἴλιον.
1179 2318 1491 2391 ἐπελθών
1533 2321 1609 2390 δὲ
1641 2320 1853 2391 πάντα
1896 2319 1973 2388 τὰ
2004 2327 2040 2381 4

57 2433 180 2513 τῆς
205 2426 461 2507 πόλεως
501 2434 814 2513 λείψανα,
855 2416 1022 2513 ἧκεν
1059 2427 1168 2494 ἐπὶ
1207 2424 1327 2495 τὸν
1358 2422 1704 2512 Ἀχιλλέως
1740 2424 1973 2512 τάφον,

59 2529 420 2617 στεφάνοις
456 2557 528 2599 τε
556 2528 888 2617 κοσμήσας
923 2531 1036 2597 καὶ
1078 2525 1323 2597 ἄνθεσι
1358 2533 1739 2609 πολυτελῶς
1776 2528 1976 2597 πάλιν

52 2630 352 2719 Ἀχιλλέα
380 2636 688 2721 ἐμιμεῖτο.
721 2638 932 2721 ζητῶν
957 2658 1030 2700 τε
1055 2634 1168 2699 καὶ
1191 2630 1587 2719 Πάτροκλόν
1612 2658 1761 2699 τινα
1792 2634 1978 2699 ἐποί-

0 2766 30 2804 5
67 2737 194 2823 ησέ
217 2763 281 2804 τι
307 2743 632 2805 τοιοῦτον.
689 2726 776 2823 ἦν
805 2730 986 2825 αὐτῷ
1013 2760 1112 2814 τις
1151 2740 1287 2803 τῶν
1313 2731 1793 2822 ἀπελευθέρων
1818 2740 1977 2820 φίλ-

61 2864 292 2925 τατος,
339 2846 598 2927 Φῆστος
635 2838 758 2926 μὲν
799 2834 1042 2925 ὄνομα,
1071 2842 1188 2923 τῆς
1227 2836 1303 2905 δὲ
1346 2842 1688 2924 βασιλείου
1717 2834 1977 2923 μνήμης

63 2941 422 3029 προεστώς.
497 2931 692 3022 οὗτος
733 2937 930 3020 ὄντος
967 2935 1178 3008 αὐτοῦ
1216 2942 1291 3008 ἐν
1318 2936 1487 3031 Ἰλίῳ
1526 2938 1973 3025 ἐτελεύτησεν,

64 3040 158 3125 ῶς
183 3046 312 3133 μέν
335 3071 512 3125 τινες
537 3052 801 3132 ἔλεγον,
831 3042 1160 3135 φαρμάκῳ
1189 3038 1573 3132 ἀναιρεθεὶς
1599 3036 1689 3109 ἵν’
1722 3037 1813 3121 ῶς
1827 3041 1976 3109 1702-

63 3156 344 3235 τροκλος
366 3155 582 3238 ταφῇ,
613 3143 702 3227 ὥς
735 3147 812 3217 δὲ
851 3149 1062 3236 ἕτεροι
1097 3152 1429 3233 ἔφασκον,
1464 3144 1643 3235 νόσῳ
1672 3150 1976 3231 διαφθα-

0 3280 32 3320 uo
65 3257 230 3340 ρείς.
331 3250 574 3321 τούτου
605 3258 1012 3337 κομισθῆναι
1043 3248 1303 3318 κελεύει
1345 3245 1463 3318 τὸν
1490 3249 1729 3333 νέκυν,
1758 3246 1979 3329 ξύλων
2014 3251 2046 3303 5

63 3380 142 3423 τε
169 3360 440 3425 πολλῶν
471 3350 926 3443 ἀθροισθῆναι
953 3352 1207 3441 πυράν·
1254 3356 1513 3431 ἐπιθείς
1546 3378 1617 3419 τε
1654 3348 1865 3420 αὐτὸν
1904 3353 1978 3418 ἐν

63 3459 248 3549 μέσῳ
289 3459 401 3525 καὶ
443 3453 830 3527 παντοδαπὰ
866 3461 999 3546 ζῷα
1025 3455 1441 3543 κατασφάξας
1466 3450 1702 3543 ὖφῆψέ
1732 3480 1835 3541 τε,
1869 3457 1982 3522 καὶ
