2475 3859
1022 136 1383 197 ΠΡΩΤΟΝ
2072 134 2101 192 1
2112 135 2148 194 9

221 308 361 399 λὴν
409 308 808 398 κακούργων
853 311 928 379 ἐν
979 306 1184 403 ὀλίγῳ
1235 306 1559 398 ἀθροίσας
1602 306 1855 401 χρόνῳ,
1890 305 1971 375 τά
2023 310 2159 397 μὲν

221 418 468 503 πρῶτα
507 412 761 501 κώμαις
799 440 871 481 τε
910 414 1022 481 καὶ
1074 410 1304 503 ἀγροῖς
1358 414 1723 502 ἐπιτρέχων
1766 409 2145 499 ἐλῄστευεν,

221 519 378 586 ἐπεὶ
415 516 489 585 δὲ
529 520 798 586 πολλῶν
827 514 1182 606 χρημάτων
1224 513 1544 607 ἐγκρατὴς
1586 518 1883 603 ἐγένετο,
1924 516 2148 601 μεῖζόν

219 648 293 689 τι
345 626 604 708 πλῆθος
640 616 924 707 ἤθροισε
965 617 1365 709 κακούργων
1401 618 1717 707 μεγάλαις
1754 645 1826 687 τε
1872 622 2147 709 δωρεῶν

145 750 180 792 5
223 720 626 811 ὑποσχέσεσι
654 723 766 791 καὶ
792 727 929 791 τῶν
953 718 1413 811 ἁλισκομένων
1439 729 1781 813 κοινωνίᾳ,
1804 716 1891 799 ῶς
1916 726 2146 810 μηκέτι

219 832 492 915 λῃστῶν
519 823 686 895 ἀλλά
713 827 826 893 καὶ
856 833 1194 914 πολεμίων
1221 832 1401 914 ἔχειν
1426 823 1701 914 ἀξίωμα.
1757 825 1987 895 πόλεσι
2016 824 2143 917 γὰρ
2172 840 2205 891 2

217 928 358 1019 ἤδη
381 938 723 1019 μεγίσταις
749 932 1178 1014 ἐπετίθεντο,
1224 932 1338 998 καὶ
1378 926 1459 997 τά
1502 932 1575 997 ἐν
1614 924 1847 1009 αὐταῖς
1888 934 2141 1018 δεσμω-

219 1033 422 1122 τήρια
450 1040 566 1123 βία
595 1031 992 1123 ῥηγνύντες,
1035 1028 1191 1111 τους
1232 1029 1343 1119 ἐφ’
1392 1030 1653 1120 οίαισδὴ
1696 1036 2143 1122 καθειρχθέν-

219 1164 343 1215 τας
387 1142 628 1215 αἰτίαις
671 1140 938 1223 δεσμῶν
979 1138 1384 1225 ἐλευθέρους
1424 1132 1733 1223 ἀφιέντες
1788 1133 2023 1206 ἄδειάν
2074 1164 2147 1205 τε

119 1273 182 1311 ιο
217 1235 780 1327 ὑπισχνούμενοι,
823 1236 1232 1329 εὐεργεσίαις
1276 1242 1341 1319 ἐς
1379 1236 1502 1329 τὴν
1529 1246 1911 1327 συμμαχίαν
1938 1260 2141 1329 προσ-

217 1338 467 1431 ήγοντο
492 1364 506 1377 ·
578 1343 798 1412 πᾶσάν
850 1370 923 1411 τε
975 1344 1486 1432 κατατρέχοντες
1536 1339 1661 1430 τὴν
1710 1348 2011 1432 Κελτῶν1
2034 1346 2145 1412 καὶ

208 1443 496 1535 Ἰβήρων
531 1445 764 1535 χώραν
777 1496 796 1531 ,
841 1445 1079 1515 πόλεσί
1123 1473 1194 1514 τε
1235 1462 1380 1525 ταῖς
1432 1452 1772 1534 μεγίσταις
1824 1445 2142 1532 ἐπιόντες,

218 1551 337 1617 καὶ
397 1551 562 1639 μέρη
619 1549 742 1637 μὲν
795 1549 1275 1640 ἐμπιπράντες,
1328 1546 1411 1617 τά
1453 1549 1529 1618 δὲ
1581 1546 1779 1617 λοιπὰ
1833 1544 2143 1639 ἁρπαγὴν

217 1647 650 1740 ποιούμενοι,
679 1649 1085 1740 ἀνεχώρουν.
1193 1646 1281 1731 ῶς
1326 1652 1400 1721 δὲ
1442 1656 1651 1721 ταῦτα
1692 1652 2003 1740 ἐδηλώθη
2045 1659 2137 1745 τῷ
2167 1666 2202 1719 3

127 1786 184 1824 15
221 1754 596 1848 Κομμόδῳ,
639 1753 802 1843 μετὰ
831 1754 1042 1843 πάσης
1069 1750 1269 1844 ὀργῆς
1295 1782 1367 1823 τε
1395 1758 1506 1823 καὶ
1534 1751 1809 1843 ἀπειλῆς
1841 1758 2137 1825 ἐπιστέλ-

219 1869 324 1927 λει
351 1875 488 1938 τοῖς
514 1863 652 1927 τῶν
692 1862 920 1928 ἐθνῶν
960 1854 1390 1947 ἡγουμένοις,
1432 1861 1779 1948 ῥαθυμίαν
1817 1860 2139 1944 ἐγκαλῶν,

217 1962 334 2031 καὶ
355 1960 613 2031 κελεύει
634 1960 919 2052 στρατὸν
946 1960 1052 2030 ἐπ’
1085 1958 1333 2040 αὐτοὺς
1360 1958 1836 2049 ἀθροισθῆναι.
1876 1960 2135 2048 μαθόν-

219 2093 330 2145 τες
358 2065 433 2133 δὲ
462 2068 705 2133 ἐκεῖνοι
735 2064 1030 2153 δύναμιν
1057 2060 1499 2154 ἀγειρομένην
1526 2060 1634 2131 ἐπ’
1682 2060 1961 2147 αὐτούς,
2003 2069 2139 2133 τῶν

217 2169 346 2256 μὲν
371 2176 635 2257 χωρίων
663 2164 706 2237 ἃ
735 2168 1076 2259 ἐπόρθουν
1117 2164 1529 2255 ἀπέστησαν,
1559 2164 1883 2246 λαθόντες
1913 2167 1987 2235 δὲ
2030 2164 2142 2235 διὰ

125 2302 185 2342 2⁰
218 2278 488 2359 ταχείας
530 2272 642 2339 καὶ
683 2266 954 2359 ἀβάτου
979 2267 1364 2360 ὁδοιπορίας
1403 2266 1549 2338 κατ’
1602 2266 1869 2356 ὀλίγους
1912 2272 1978 2350 ἐς
2015 2266 2141 2359 τῆν

208 2372 496 2443 Ἰταλίαν
522 2373 940 2463 παρεδύοντο
958 2397 972 2410 ·
1002 2377 1115 2443 καὶ
1142 2376 1295 2465 περὶ
1324 2380 1664 2462 βασιλείας
1690 2370 1819 2461 ἤδη
1852 2375 1965 2441 καὶ
1990 2402 2133 2461 μει-

216 2475 432 2561 ζόνων
459 2477 868 2565 πραγμάτων
893 2473 929 2546 ὅ
957 2476 1310 2568 Μάτερνος
1340 2476 1753 2565 ἐβουλεύετο.
1834 2478 1978 2545 ἐπεὶ
2006 2474 2133 2565 γάρ
2164 2494 2199 2545 4

215 2577 401 2673 αὐτῷ
455 2578 536 2649 τὰ
587 2584 1152 2670 προπεπραγμένα
1205 2580 1419 2669 πάσης
1472 2582 1739 2657 ἐλπίδος
1781 2588 2003 2666 μεῖζον
2052 2572 2139 2668 ἦν

215 2682 776 2773 προχωρήσαντα,
807 2680 1000 2775 ᾠήθη
1045 2690 1190 2752 δεῖν
1216 2688 1385 2771 μέγα
1418 2710 1481 2751 τι
1512 2682 1761 2773 δράσας
1787 2688 2135 2771 κατορθῶ-

128 2821 184 2862 25
220 2806 356 2872 σαι,
383 2780 427 2873 ἢ
455 2788 730 2874 ἐπείπερ
759 2783 930 2869 ἅπαξ
951 2790 1026 2855 ἐν
1051 2787 1353 2879 κινδύνῳ
1375 2785 1826 2877 καθειστήκει,
1856 2784 1945 2874 μὴ
1972 2783 2135 2873 ἀσή-

216 2917 356 2978 μως
382 2886 541 2977 μηδ’
576 2886 828 2972 ἀδόξως
855 2895 1265 2979 τελευτῆσαι.
1299 2890 1442 2959 ἐπεὶ
1472 2889 1545 2958 δὲ
1566 2884 1748 2981 αὑτῶ
1774 2886 1862 2975 μὴ
1891 2888 2135 2957 τοσαύ-

215 3020 343 3079 την
369 2986 698 3082 ὑπάρχειν
718 2992 1010 3081 δύναμιν
1037 2988 1260 3081 ἡγεῖτο
1282 2989 1369 3073 ῶς
1398 2996 1463 3075 ἐξ,
1492 2988 1931 3070 ἀντιστάσεως
1954 2998 2135 3079 ἰσορ-

215 3095 434 3185 ρόπου
463 3098 575 3164 καὶ
604 3102 901 3186 φανεράς
928 3096 1182 3185 ἐφόδου
1224 3102 1549 3185 συστῆναι
1591 3092 1755 3184 πρὸς
1792 3091 1912 3163 τὸν
1950 3095 2135 3182 Κόμ-

215 3204 428 3287 μοδον
453 3198 559 3282 (τό
584 3227 654 3267 τε
683 3198 811 3290 γάρ
840 3205 1100 3289 πλῆθος
1127 3206 1249 3270 τοῦ
1280 3195 1621 3288 Ῥωμαίων
1661 3197 1877 3287 δήμου
1920 3190 2137 3285 ἐλογί·

129 3334 181 3375 30
217 3309 358 3385 ζετο
401 3298 652 3371 εὔνουν
689 3309 787 3372 ἔτι
824 3309 918 3397 τῷ
956 3304 1295 3397 Κομμόδῳ
1345 3299 1681 3390 ὑπάρχον,
1724 3300 1849 3390 τήν
1888 3328 1960 3370 τε
2001 3306 2141 3371 τῶν

213 3406 367 3495 περὶ
420 3401 630 3474 αὐτὸν
685 3406 1088 3497 δορυφόρων
1143 3404 1481 3491 εὔνοιαν),
1523 3407 1718 3494 τέχνῃ
1772 3406 1883 3473 καὶ
1935 3413 2141 3497 σοφία

212 3506 451 3597 ἤλπισε
487 3510 940 3599 περιέσεσθαι.
987 3511 1098 3579 καὶ
1127 3515 1497 3599 μηχανᾶται
1524 3508 1788 3579 τοιόνδε
1814 3536 1897 3577 τι.
1982 3500 2139 3599 ἦρος
2174 3532 2207 3583 5

1722 3626 1813 3685 2*
